2520 4500
89 142 133 208 80

23 302 88 368 128
179 301 206 366 Ι.
237 300 330 366 Nunc
351 301 384 366 ln
406 302 536 366 consilio
557 302 590 365 id
610 301 702 388 reges
724 301 889 388 Argivum
903 301 1062 386 aucupant

141 406 144 443 ³
245 400 286 470 Id
307 402 473 490 quaerunt,
602 438 604 445 ·

90 533 171 575 num·
200 513 429 596 Astyanactem
470 511 579 576 vivum
614 511 808 597 relinquant,
854 532 953 595 quum
989 507 1128 576 Calchas

90 615 212 681 Priami
233 615 356 702 prolem
370 615 463 702 plane
483 616 623 680 interimi
636 606 780 682 iusserit.¹
811 614 873 681 Cui
887 613 1126 681 Andromacha:

24 754 86 822 129
177 753 223 820 Π.
248 753 339 821 Nihil
360 754 457 821 credo
478 754 662 840 auguribus,
685 757 739 840 qui
761 745 968 820 adris'verbis
991 744 1128 818 divitant

246 858 389 936 alienas,
413 883 486 924 suas
508 863 546 923 ut
568 860 647 925 adro
668 860 862 948 locupletent
883 859 1004 925 domos.
1039 939 1041 943 Ι
1072 944 1074 948 Ι
1098 852 1101 857 ’

91 963 331 1049 Conquerentes
367 964 480 1029 deinde
521 965 665 1030 mulieres
706 967 848 1052 captivae
882 949 1131 1030 reminiscuntur

90 1069 183 1134 molis
195 1070 359 1145 malorum,
377 1069 491 1155 quibus
503 1069 692 1147 obruantur3
715 1074 918 1136 exsecrantur
930 1066 1129 1136 Graecorum

91 1176 279 1239 exercitum:

24 1314 86 1382 130
176 1314 239 1382 HI.
271 1314 337 1395 Qui
357 1313 467 1380 nostra
488 1337 545 1402 per
566 1317 630 1380 vim
652 1316 758 1403 patria
778 1313 944 1401 populavit
965 1312 1057 1378 bona.
1095 1366 1107 1383 ⁴,

88 1420 250 1506 Imprimis
272 1421 533 1507 commiserantur
554 1421 717 1486 fortunam
737 1421 865 1509 reginae
885 1419 1053 1484 Hecubae:

24 1561 83 1627 131
175 1559 235 1625 IV.
265 1558 430 1624 Nocturna
452 1583 529 1626 saxo
550 1561 659 1647 irriges
679 1560 807 1626 frendes
827 1558 975 1625 torridas.

91 1663 144 1731 ΟΕ
176 1664 289 1752 Eurip.
320 1665 438 1730 Troad.
474 1665 535 1730 491
568 1665 713 1752 sq-(197
746 1667 816 1750 sq.).
860 1665 1040 1731 Verisimile
1068 1671 1128 1744 est,

91 1769 291 1836 Cassandrae
317 1771 412 1834 etiam
440 1775 547 1856 partes
574 1770 672 1835 firisse
697 1771 731 1834 in
758 1771 819 1835 hac
844 1769 1010 1856 tragoedia
1033 1772 1129 1858 (quae

90 1876 200 1940 eadem
221 1875 307 1961 apud
327 1874 515 1960 Euripidem
528 1899 558 1941 v.
575 1874 639 1943 308
659 1876 769 1962 prodit
790 1878 823 1940 et
842 1874 951 1940 furore
970 1876 1128 1962 Apollinis

89 1984 238 2066 correpta
269 1980 353 2045 mala
381 1978 512 2046 Graecis
545 1979 656 2045 futura
684 1981 876 2046 vaticinatur
902 2003 933 2047 v.
962 1981 1025 2046 359
1054 1982 1124 2064 aa),

90 2088 127 2150 ut
150 2086 217 2150 eius
239 2087 304 2149 sint
332 2084 429 2149 verba
457 2086 622 2172 naufragia
644 2085 842 2152 Graecorum
863 2085 916 2170 (cf.
939 2085 1034 2152 Hom.
1058 2080 1122 2148 Od.

90 2190 121 2256 3.
137 2188 209 2254 *286
232 2211 293 2274 sq.,
317 2190 347 2254 t.
372 2187 437 2254 498
458 2211 505 2274 sq.
528 2193 558 2257 5.
582 2190 643 2255 291
668 2212 725 2275 sq.,
755 2188 784 2255 9.
809 2188 848 2254 67
877 2211 922 2275 sq.
954 2194 987 2254 et
1008 2187 1058 2254 all.
1079 2187 1128 2272 ll)

88 2294 384 2381 praesignificantis:

182 2595 203 2654 l.
229 2596 296 2649 llon.
313 2615 340 2667 q.
358 2601 418 2655 ⁴67.
444 2599 485 2652 17.
522 2599 663 2666 Aucnpavi
686 2597 801 2648 activum
822 2596 937 2663 positum
953 2611 1005 2662 pro
1021 2595 1131 2660 passivo

90 2714 105 2728 -
125 2713 140 2726 -
165 2688 259 2735 Accius
286 2693 462 2743 Astranacte:
486 2710 555 2721 --
579 2685 732 2750 (aurr'guum
758 2697 776 2749 g
799 2695 882 2747 comp.
907 2680 960 2744 W.)
988 2677 1130 2735 Consilium

91 2771 280 2836 significatione
308 2780 429 2822 concreta
456 2785 503 2835 pro
527 2767 663 2817 concilium
688 2775 727 2817 est
752 2783 793 2831 ap.
810 2765 864 2820 Liv.
882 2768 925 2820 25.
944 2769 989 2820 31.
1007 2761 1131 2825 (consilio

90 2859 230 2922 advocato)
248 2857 293 2910 all.
310 2856 338 2907 11.

177 2960 208 3013 ll.
235 2958 301 3015 Non.
325 2975 351 3024 p.
377 2959 419 3010 95.
441 2956 466 3012 7.
510 2956 632 3006 Divitant
660 2972 712 3022 pro
745 2952 840 3005 divitas
867 2952 987 3023 faciunt.
1035 2956 1130 3005 Accius

91 3058 269 3113 Astyanacte.-
289 3073 357 3085 —-
375 3044 441 3100 Gell.
469 3044 510 3100 14.
535 3047 558 3099 1.
584 3045 631 3098 36:
658 3044 792 3094 Attianum
816 3042 893 3093 allud:
920 3041 1008 3105 aaliz,
1035 3043 1131 3113 inquit,

90 3136 171 3192 credo
189 3157 215 3194 a,
233 3155 259 3208 q,
277 3153 354 3187 aures
371 3151 398 3189 v.
413 3131 440 3191 d.
468 3141 498 3188 A.
516 3152 537 3188 s.
556 3150 580 3188 u.
598 3150 623 3188 a.
642 3132 659 3187 l.
677 3129 778 3186 domos.
791 3128 901 3194 (domus
918 3129 1000 3182 (duell.
1026 3138 1053 3181 et
1071 3129 1131 3184 edd.

90 3235 151 3282 ante
184 3224 250 3282 lunt
280 3222 379 3290 Slepll.)
410 3221 488 3288 §⁰9¹¹-
513 3221 602 3288 Antig.
632 3219 712 3275 10⁵5:
740 3214 787 3279 Τὸ
814 3216 963 3299 μαντικὸν
988 3213 1047 3301 γὰρ
1069 3221 1131 3279 πᾶν

90 3309 278 3400 φιλάργυρον
298 3309 394 3394 γένος.
431 3327 468 3386 ct.
485 3326 561 3380 Ennii
579 3324 675 3378 telam.
693 3323 724 3379 tr.
742 3325 784 3380 11.

177 3433 220 3491 111.
244 3433 309 3490 Non.
328 3450 352 3502 p,
370 3437 430 3490 461.
450 3436 493 3489 21.
530 3429 644 3494 Populat
661 3441 700 3480 est
718 3442 743 3481 et
766 3431 900 3499 passivum
916 3428 1061 3497 populatur
1079 3451 1095 3462 -
1115 3451 1135 3462 -

92 3527 188 3577 Accius
203 3527 379 3592 Astyanacte:
398 3547 465 3603 -j-
485 3518 620 3586 (nostram
638 3518 679 3569 W.
698 3545 730 3555 —
747 3516 948 3588 populabundus
967 3512 1048 3574 Allll.)

179 3629 218 3681 tv.
244 3627 317 3683 serv.
336 3628 368 3680 aa
389 3627 457 3694 vag.
475 3626 523 3681 Aa.
543 3611 645 3681 15179.
681 3624 776 3674 rectus
802 3619 964 3674 Troianus:
989 3617 1134 3668 aarum

81 3706 184 3787 nges
209 3715 328 3784 franges
363 3713 483 3766 torridas
515 3715 690 3775 (nocturnam
724 3710 799 3772 cod.)
836 3707 903 3783 an.
936 3721 961 3772 p.
998 3705 1058 3760 447.
1088 3705 1135 3757 20.

92 3804 214 3854 Fremere
240 3815 265 3853 et
284 3800 415 3870 frendere
442 3799 493 3850 linc
517 3799 691 3869 disparantur
714 3795 789 3868 quod
813 3807 850 3847 est
867 3792 986 3862 fremere
1008 3806 1133 3860 magnum

92 3907 188 3941 sonare
200 3920 215 3932 -
237 3920 252 3932 -
265 3887 396 3940 Frendere
414 3887 512 3939 alicubi
527 3904 584 3939 cum
601 3889 699 3955 gemitu
714 3884 758 3935 vel
773 3878 914 3934 iracundia
931 3880 1066 3945 masuram
1083 3888 1134 3927 aut

92 3980 182 4029 manaa
200 3994 295 4028 sonare
314 4005 329 4019 -
349 4006 363 4018 -
386 3976 478 4028 Accius
498 3971 661 4026 Troadibus:
680 3987 746 4022 saxo
756 3964 855 4043 sistet
866 3956 994 4037 frundun
