2520 4500
128 316 240 400 Eurip.
262 314 323 380 ine.
347 312 406 377 37:

301 419 340 482 Et
362 425 426 492 τοῖς
448 419 479 481 ἐν
492 416 574 503 ὀἴκῳ
592 413 751 500 χρήμασιν
774 414 959 495 λελείμμεθα

300 517 348 587 Ἡ
364 518 529 605 δἐὖγενειά
548 520 598 585 uui
620 517 657 583 td
680 527 820 601 γενναῖον
842 515 935 623 *a

128 631 235 698 Unius
250 641 297 693 'ex
316 625 514 715 principibus
533 626 618 690 estc>
856 618 860 625 '

62 736 112 804 12.
215 733 297 801 XII.
326 732 481 800 Profecto
494 729 741 816 haudquaquam
756 730 807 794 est
820 726 912 794 tutus
923 727 1074 799 mediocri
1089 733 1172 795 satu.

63 946 115 1013 13.
129 841 178 907 Et
214 945 314 1013 XIII.
344 943 429 1008 Nam
462 942 523 1007 etsi
558 945 689 1028 opertus
732 939 903 1026 squtlitate
940 943 990 1004 est
1024 939 1175 1026 ldotuqua

426 1046 647 1114 horrifictibili

131 1156 197 1225 Sed
217 1156 332 1222 Ulixes
354 1156 479 1220 astutus
507 1176 581 1219 eum
605 1150 773 1239 agnovisse
794 1153 930 1220 videtur.
975 1154 1055 1218 Inde
1077 1175 1176 1238 quum

129 1266 164 1328 in
186 1285 224 1328 eo
245 1256 345 1324 sit‘ut
367 1258 464 1325 duces
490 1258 604 1345 gladiis
623 1258 742 1323 strictis
765 1263 996 1344 persequuntur
1015 1256 1177 1325 hominen

131 1369 192 1434 sibi
207 1364 451 1455 odiosissimum,
473 1365 608 1429 nuncius
622 1363 722 1442 adest,
738 1365 881 1450 rapuisse
895 1368 1009 1430 nautas
1025 1362 1176 1431 Orestem

131 1475 259 1559 officum
282 1492 320 1534 eo
342 1469 443 1532 altum
464 1470 610 1553 petiisse:

39 1560 116 1643 J'ss,
168 1562 171 1567 ¹
217 1574 314 1641 XIV.
338 1615 382 1624 -
402 1573 576 1658 Remisque
598 1575 665 1637 nixi
678 1572 858 1659 prdperiter
878 1597 992 1639 navem
1015 1575 1050 1639 in
1066 1574 1177 1661 fugam

338 1679 527 1756 Trtnsdunt
548 1677 660 1743 subter
682 1679 760 1744 sdxa
780 1677 822 1743 ad
843 1679 976 1758 laevum,
1000 1680 1065 1764 qut
1086 1703 1177 1744 mons

443 1784 589 1850 mollibdt
612 1806 708 1850 mare.
1078 1796 1081 1811 '

131 1848 256 1956 ductor
276 1889 425 1956 facinoris
446 1890 539 1954 facile
568 1889 728 1975 Telephus
750 1891 971 1981 cognoscitur,
1001 1850 1105 1975 neque
1132 1911 1178 1954 re

128 2000 253 2085 pugnat
281 1996 334 2062 hic
355 1995 412 2060 sed
441 1993 572 2058 abiectis
593 1995 706 2080 pannis
735 1996 805 2079 quis
828 1997 870 2061 sit
899 1999 1009 2082 aperte
1038 1995 1178 2061 ostendit

129 2104 324 2190 exponitque
346 2125 404 2167 cur
423 2101 555 2166 venerit.
591 2099 644 2165 De
668 2098 794 2166 Orestis
816 2102 884 2166 vita
905 2104 1013 2165 actum
1032 2123 1102 2167 esse
1121 2101 1176 2177 ait,

130 2209 190 2272 nisi
209 2210 278 2295 ipse
298 2207 466 2275 incolumis
488 2204 603 2271 evadat
623 2207 755 2291 votique
777 2228 909 2294 compos
928 2206 1002 2271 fiat:

105 2509 109 2517 =
203 2485 277 2547 lxii.
303 2485 369 2541 Non.
397 2503 422 2554 p.
441 2490 500 2542 174.
520 2491 561 2543 13.
597 2489 664 2538 Sata
684 2489 799 2558 positum
816 2505 867 2556 pro
886 2488 988 2543 semine.
1024 2488 1120 2537 Accius
1138 2513 1151 2526 ·
1167 2512 1179 2527 ·

133 2571 204 2622 Idem
223 2569 329 2642 Telefo:
352 2599 423 2612 —-
445 2573 582 2643 (profecti
604 2591 756 2646 quanquam
780 2581 840 2624 aute
858 2573 890 2629 Μ.
911 2601 941 2611 -·
959 2571 1082 2644 profheta
1109 2575 1179 2625 aium

130 2676 289 2747 quamquam
308 2659 336 2717 L,
358 2687 388 2696 —
408 2671 482 2710 ortus
499 2659 639 2711 melr'orr'A
657 2658 676 2713 1.
677 2661 698 2725 )

221 2732 292 2829 ἡ·
319 2765 386 2822 Non.
411 2781 435 2833 p.
458 2763 519 2820 226.
542 2767 566 2821 3.
602 2752 891 2839 Squalorfflasculiru'
914 2779 952 2817 est
982 2769 1094 2836 generis.
1132 2769 1180 2820 Fa·

131 2855 224 2905 minimi
243 2855 336 2905 Accius
354 2879 367 2894 ·
383 2880 396 2895 ·
421 2851 493 2904 Idem
513 2851 605 2916 Telefo
624 2854 659 2905 Ν.
678 2871 699 2910 e.
718 2840 801 2924 m‘uq.
820 2872 841 2910 e.
860 2854 878 2910 l,
897 2853 1049 2925 horrificali
1064 2857 1180 2923 (operta

50 2890 95 2987 dii
132 2941 154 2990 Α
171 2939 191 2998 1,
192 2943 211 3004 )
231 2941 418 3012 Horrrficabili
432 2950 503 2993 recta
523 2949 562 2991 est
575 2939 658 2992 Vossii
670 2943 830 3006 coniectum
848 2943 982 2995 derivatur
994 2945 1091 2994 enimc
1108 2942 1179 2994 hor·

134 3027 251 3092 rifico,
268 3038 297 3080 nt
314 3028 478 3082 tabificabilis
497 3045 512 3080 a
531 3028 693 3086 tabifico.

220 3132 290 3190 xlv,
315 3133 381 3189 Nou.
400 3150 426 3201 p,
446 3137 505 3189 155.
523 3134 547 3187 7.
578 3135 744 3203 Properatim
760 3144 785 3184 et
801 3137 961 3204 properiter,
980 3135 1098 3185 celeriter
1114 3153 1180 3203 pro·

128 3231 258 3290 peranter
275 3250 290 3263 -
309 3251 323 3262 -
343 3223 437 3272 Accius
463 3219 564 3290 Telefo:
583 3239 606 3277 r,
625 3239 651 3276 rr.
674 3239 701 3290 p.
720 3239 747 3277 n.
765 3224 783 3276 i.
799 3221 828 3290 f
868 3221 993 3274 Tradunt
1015 3222 1178 3286 (transdunt

130 3325 169 3359 ms
195 3307 283 3364 Cuiac.
312 3307 365 3370 M.)
400 3307 437 3363 id.
461 3324 486 3375 p.
512 3311 572 3365 307.
595 3311 645 3362 27:
672 3309 750 3376 Fuga
774 3309 909 3380 siguificat
933 3312 1001 3360 citur
1025 3328 1118 3361 currus
1134 3338 1146 3351 ·
1164 3339 1177 3353 -

129 3399 208 3466 Fuga
226 3398 287 3447 item
305 3394 405 3446 dicitur
421 3398 565 3463 navigatio,
592 3398 687 3447 Accius
706 3398 733 3449 T
730 3397 808 3461 etef'o:
826 3416 849 3454 r.
869 3416 894 3454 u.
911 3416 938 3465 p.
952 3416 977 3454 rr,
996 3404 1013 3454 ι’,
1028 3400 1053 3463 Ῐζ
1090 3400 1178 3451 Trau-

128 3497 238 3534 seurrtur
258 3485 418 3548 (transeunt
443 3485 493 3546 A.)
529 3483 566 3535 ld.
580 3501 610 3552 p.
628 3487 688 3540 347.
713 3488 758 3538 tt:
781 3484 863 3535 Molle
886 3497 923 3534 est
947 3504 1002 3535 uon
1027 3485 1121 3534 durum
1140 3512 1152 3524 ·
1165 3510 1177 3525 ·

131 3572 210 3622 Molle
226 3570 369 3641 placidum.
408 3573 503 3622 Accius
521 3569 628 3641 Tabuit,¹
650 3573 710 3622 naui
731 3573 829 3642 perator
846 3590 873 3626 u.
892 3570 955 3640 if,
975 3573 1100 3623 Tradunt
1117 3573 1177 3622 sub·

132 3667 171 3706 ter
187 3677 240 3710 aaa
257 3658 296 3710 ad
312 3660 378 3722 leva,
396 3677 475 3731 quam
493 3677 568 3711 mons
586 3658 702 3710 mollibat
715 3676 795 3713 mare.
814 3659 938 3728 (pariter
955 3657 1021 3709 B·-
1036 3660 1090 3708 ru‘si
1102 3664 1177 3728 pari·

132 3746 208 3799 terA.
217 3775 252 3789 -
260 3749 411 3817 properiter
422 3748 480 3805 edd,
492 3775 524 3786 -
534 3745 665 3797 trandum
680 3745 706 3801 L.
721 3773 757 3783 -
774 3743 921 3808 traducum
930 3743 960 3801 Β.
977 3773 1007 3783 -
1029 3746 1109 3796 leram
1128 3745 1175 3812 A.)

131 3827 184 3881 ct:
200 3831 292 3886 Nisus
310 3833 402 3886 bacato
416 3832 464 3890 Or.
476 3834 551 3888 Pone
573 3837 597 3889 1.
615 3835 640 3887 8.
653 3835 790 3899 tu-Qua
808 3848 883 3881 mom
896 3833 1013 3883 mollibat
1025 3850 1097 3883 mare
1114 3834 1132 3886 i.
1151 3848 1175 3889 e.

129 3917 176 3970 ubi
188 3933 262 3972 mons
272 3923 350 3974 meris
367 3924 491 3990 impetum
505 3921 650 3990 frangebat,
668 3920 750 3974 nudas
762 3918 888 3986 placabat.
907 3916 962 3972 Gt:
976 3919 1110 3973 Mollire
1122 3921 1174 3970 im-

128 4014 225 4074 petum.
244 4006 297 4066 tir.
315 4012 340 4066 3.
359 4012 401 4067 3⁵.
474 4054 475 4058 ,
