2520 4500
83 128 148 218 'ao

103 309 262 374 Idoneum
283 330 352 373 esse
381 313 419 374 ut
441 308 642 376 Graeoorum
664 333 747 376 unus
775 312 859 378 eirea
880 316 986 379 eastra
1007 315 1147 382 hostium

104 413 283 500 speculator
305 418 358 478 eat
378 414 430 499 (11.
456 414 505 481 10.
530 415 625 502 206)ι

258 558 303 568 -
325 521 350 582 et
372 516 441 583 τινα
462 544 522 583 nov
544 523 639 604 δηΐων
661 521 721 585 tior
744 522 952 603 ἐσχατόωντα.

35 621 87 688 57.
190 624 267 690 VII.
282 663 327 674 -
341 623 438 689 Unde
460 625 567 689 omnia
586 626 724 711 perdisci
745 650 783 691 ao
804 627 925 715 percipi

260 727 440 809 Quedntur.
464 771 508 780 --

14 853 16 860 ·
103 831 221 901 Statim
242 833 418 899 Diomedes
446 839 597 927 paratum
626 837 668 900 ad
696 835 838 901 laborem
866 838 951 904 hune
979 841 1148 927 suscipien-

102 939 178 1004 dum
201 962 235 1004 se
258 939 351 1004 offert
372 940 423 1023 (ll.
451 940 499 1006 10.
529 940 615 1025 220).
662 939 726 1006 Cui
750 944 923 1029 respondet
950 943 1069 1010 Nestor
1097 945 1148 1010 vel

102 1043 340 1130 Agamemnon:
1170 1087 1172 1092 ,

33 1144 86 1212 58.
188 1150 282 1216 VIII.
317 1150 357 1214 Id
379 1149 465 1234 qudd
486 1149 564 1215 facis
587 1155 717 1236 gratum
737 1151 772 1215 et
793 1174 891 1238 grave
913 1157 962 1218 est
984 1194 1026 1205 —-
1107 1215 1109 1218 ,

102 1252 232 1320 Sooium
254 1255 314 1319 sibi
336 1254 424 1340 eligit
444 1255 619 1320 Diomedes
640 1255 692 1339 (ΙΙ.
718 1254 767 1322 10.
791 1256 881 1341 243.)

258 1366 323 1433 πῶς
343 1359 381 1422 ἂν
403 1358 484 1423 ἔπειτ
502 1358 736 1442 Ὀδυσῆοςθγῶ
760 1361 858 1424 θιιόιο
881 1364 1038 1446 λαθοίμην

258 1455 299 1530 οὗ
318 1463 388 1546 ιτὲρι
410 1463 466 1543 μὲν
487 1460 639 1549 πρόφρων
660 1466 769 1547 κραδίη
792 1467 841 1527 καὶ
863 1461 969 1547 θνμὸς
990 1467 1114 1552 ἀγήνωρ

257 1569 289 1632 ἐν
309 1566 454 1632 πάντεσσι
475 1565 605 1646 πόνοισι,
630 1572 714 1651 φιλεῖ
731 1570 767 1632 δέ
787 1567 802 1632 i
823 1569 955 1646 Παλλὰς
972 1569 1104 1656 Ἀθήνης

34 1671 85 1738 59.
188 1674 252 1740 ΙΧ.
282 1671 346 1738 'An
369 1696 429 1759 ego
451 1673 582 1738 Ulixem
605 1672 774 1737 obliviscar
795 1696 937 1758 unquam
959 1680 1022 1739 aut.
1039 1676 1148 1761 quem-

413 1799 510 1862 ·quam
532 1776 686 1862 praeponi
707 1777 822 1841 velim?

33 1880 85 1950 60.
188 1884 234 1950 X.
250 1923 295 1935 -
309 1883 417 1948 Melta
437 1884 566 1968 Inventa
588 1885 782 1967 expertaque
811 1904 850 1946 ex
871 1882 933 1949 hoo
954 1884 1030 1962 saint
1051 1866 1144 1953 bona.

5 1968 21 1978 μ
100 1989 298 2056 Firmissime
327 1991 502 2065 asseverat,
538 2008 573 2050 se
603 1987 690 2052 socio
724 1987 758 2051 in
785 1989 948 2073 perieulis·
966 2014 1030 2057 non
1059 1993 1141 2058 defu-

101 2097 212 2161 turum
235 2116 320 2158 esse:

32 2185 84 2265 61.
186 2199 250 2265 XI.
269 2237 308 2245 -
324 2196 393 2261 Aut
416 2219 476 2282 ego
498 2196 587 2260 illum
605 2197 737 2280 eripiam
758 2200 814 2261 aut
835 2198 880 2261 illi
902 2221 1037 2285 poenam
1054 2201 1145 2269 sdffe-

419 2324 497 2367 ram.

100 2411 192 2475 Idem
215 2431 325 2474 sensus
347 2408 428 2473 latet
449 2408 482 2471 in
502 2406 639 2472 Homeri
660 2405 765 2472 verbis
786 2407 838 2492 (ΙΙ.
865 2406 915 2476 10.
938 2406 1033 2494 246);

257 2512 367 2579 τούτου
403 2509 629 2596 γ’ἓσπομένοιο,
673 2513 722 2575 καὶ
759 2514 791 2576 ἐκ
828 2511 925 2598 πυρὸς
963 2512 1145 2595 αἰθομένοιο

258 2617 351 2705 ἄμφω
375 2615 594 2700 νοστήσαιμεν,
618 2659 661 2668 -

102 2867 169 2919 1526
188 2861 207 2919 Ι.
223 2862 254 2918 Μ.
274 2889 306 2899 -
328 2861 400 2911 Tune
419 2888 433 2899 -
452 2887 468 2897 -
486 2871 548 2908 tune
566 2857 620 2919 A.).
645 2859 755 2915 Animo,
781 2857 906 2907 animose.
919 2879 947 2888 -
964 2851 1143 2915 Accusamus,

101 2969 175 3019 quem
195 2949 257 3001 iliud
275 2947 332 2998 iube
350 2945 479 3013 postulat,
500 2953 555 2995 erat
574 2945 599 2994 in
619 2941 785 3010 praecedenti
805 2940 846 2991 vol
865 2940 983 3007 sequenti
1002 2955 1089 2996 versu.

188 3055 237 3108 Vll.
261 3050 399 3105 Diomedes
419 3055 442 3107 1.
462 3067 486 3116 p.
506 3048 564 3106 380.
601 3048 662 3100 Sine
680 3045 787 3096 nomine
805 3043 963 3112 tragoediae,

187 3159 246 3215 vlu.
271 3158 336 3213 Non.
355 3173 379 3225 p.
398 3155 457 3210 315.
476 3158 518 3209 20.
547 3159 635 3207 Grave
653 3148 793 3218 gravidum
811 3178 827 3192 -
844 3179 859 3191 -
878 3152 967 3201 Grave
986 3148 1100 3200 solidum
1118 3159 1143 3198 et
1165 3183 1167 3187 -

92 3246 212 3322 firmum.
251 3247 344 3298 Accius
362 3275 377 3286 -
396 3242 500 3294 -Idem
525 3245 712 3307 Nyctegresra:
737 3264 804 3275 --
831 3237 991 3306 (yctegresia
1014 3235 1043 3292 Β,
1067 3263 1099 3274 -
1118 3246 1143 3284 et

103 3336 164 3386 utr'le
181 3345 218 3385 est
237 3332 279 3396 Β.)
620 3330 627 3362 ¹

188 3438 228 3493 lX.
253 3435 319 3499 Non,
344 3451 369 3502 p.
394 3434 453 3489 500.
480 3436 504 3489 5.
541 3431 715 3482 Accusarivus
737 3448 788 3499 pro
812 3432 940 3498 genetivo.
978 3430 1071 3479 Accius
1096 3453 1106 3467 ·
1128 3451 1143 3464 ·

104 3527 135 3576 Ιιι
153 3526 335 3593 Nectegresr'at
353 3549 421 3558 —-·

191 3633 222 3685 Χ,
248 3631 325 3684 Prisc.
343 3631 368 3682 8.
385 3630 410 3681 4.
430 3628 472 3680 20.
507 3624 625 3692 Experto
641 3625 751 3693 passive,
790 3622 892 3672 Aerias:
915 3645 984 3657 --

190 3735 232 3789 ΧΙ,
258 3732 324 3790 Non,
343 3748 367 3798 p.
386 3734 445 3786 397.
463 3733 488 3785 4.
516 3725 617 3794 &effere
630 3740 667 3777 est
684 3729 811 3777 sustinere
829 3754 843 3766 -
857 3754 871 3765 -
890 3719 992 3790 Suffere
1010 3719 1146 3790 significat

103 3822 197 3875 dedere
211 3821 250 3886 (i)
266 3822 307 3871 vel
324 3837 469 3889 supponere
487 3844 502 3856 ·
520 3846 535 3857 -
556 3817 649 3866 Accius
667 3812 874 3882 Nyptegreerio:
892 3834 960 3847 --
978 3825 1065 3876 poena
1083 3803 1145 3874 siff,

104 3910 291 3978 (Nrctegersia
308 3905 328 3958 1.
340 3932 372 3944 -
385 3906 592 3979 Clytaemnestra
608 3901 640 3956 A.
662 3927 691 3939 ·-
713 3911 740 3950 at
759 3914 807 3964 ego
827 3896 846 3952 1.
865 3923 898 3934 -
917 3907 944 3945 αι
964 3894 1006 3944 ills·
1022 3909 1064 3961 mg
1083 3892 1144 3949 L·-

103 4015 215 4066 poenam
232 3995 265 4060 1.)
