2520 4500
1070 150 1113 217 59

76 312 330 398 fragmentorum
360 332 483 386 sensus;
516 310 549 373 in
575 309 628 373 illa
659 310 758 394 igitur
782 308 905 394 Hygini
931 308 1115 374 narratione

77 415 315 481 subsistendum
338 419 394 481 est.
439 415 533 480 Hanc
561 414 721 499 quomodo
741 413 913 499 Euripides
933 412 1114 479 Troadibus

78 521 267 597 intexuerit,
298 543 341 585 ex
364 519 472 585 fabula
498 519 551 584 illa
577 519 747 604 superstite
772 517 935 603 hucusque
966 519 1115 604 cognosci

64 627 167 702 ,licet3
191 626 245 710 qui
258 646 334 689 vero
350 622 523 710 Sophocles
538 646 609 688 eam
623 625 656 688 in
676 621 821 709 Captivis
841 625 1034 699 tractaverit,
1056 644 1116 710 per

77 731 273 818 paucitatem
301 729 553 816 fragmentorum
585 750 625 794 ex
651 728 712 792 illis
739 733 950 817 serratorum¹
964 730 1113 794 nescitur.

78 835 234 900 Nostrum
264 858 328 898 non
358 834 517 898 imitatum
549 856 617 898 esse
646 834 834 921 Euripidem
862 856 900 900 eo
925 832 1115 910 affirmatur,

54 986 56 990 ψ
80 941 167 1025 quod
188 940 230 1004 ad
251 939 431 1025 fragmenta
451 939 550 1003 latina
571 939 648 1003 nulli
669 939 832 1026 Euripidis
854 961 965 1004 versus
987 961 1117 1026 respon

78 1047 171 1123 dent3
202 1066 301 1130 quare
323 1043 514 1130 Sophoclem
544 1045 734 1131 expressisse
756 1046 940 1120 statuimus,
971 1046 1008 1107 ut
1029 1042 1116 1108 Wel-

77 1150 193 1215 ckerus
215 1150 278 1212 iam
300 1148 389 1215 vidit.

168 1253 205 1320 Si
236 1256 321 1318 recte
359 1253 405 1317 ita
441 1254 480 1317 de
520 1276 644 1318 summa
683 1256 862 1342 argumenti
898 1253 1115 1328 iudicavimus,

77 1361 253 1448 permirum
287 1362 335 1422 est
365 1362 397 1422 et
430 1359 603 1444 singulare,
644 1360 841 1446 tragoediam
883 1358 1116 1423 denominatam

78 1487 148 1530 esse
169 1487 189 1529 a
214 1485 350 1550 persona
377 1468 482 1541 muta3
508 1463 735 1550 Astyanactem
759 1464 841 1528 enim
865 1463 1019 1528 infantem
1041 1466 1117 1528 tunc

79 1570 233 1656 temporis
256 1567 425 1654 puerulum
446 1568 626 1652 loquentem
649 1590 668 1631 e
689 1570 793 1655 poetis
814 1569 1032 1634 introductum
1052 1590 1117 1632 non

78 1697 149 1739 esse
170 1673 334 1758 Euripidis
356 1673 389 1736 in
410 1672 591 1739 Troadibus
613 1674 793 1759 exemplum
814 1674 893 1737 satis
915 1674 1017 1739 docet.
1053 1672 1118 1738 Sed

79 1780 175 1845 huius
190 1779 236 1842 rei
250 1801 347 1842 causa
361 1778 452 1842 facile
467 1779 670 1865 perspicitur:
692 1801 765 1843 nam
781 1779 898 1843 circum
913 1778 1118 1864 Astyanactis

76 1888 216 1951 mortem
238 1883 384 1946 universa
403 1884 569 1968 tragoedia
589 1889 734 1950 versatur
755 1886 801 1949 ita
817 1884 954 1970 quidem,
977 1887 1015 1948 ut
1037 1905 1118 1969 quae

76 1989 267 2056 antecedant
290 1991 322 2052 et
341 2008 421 2071 quae
444 1986 690 2072 subsequantur,
716 1990 854 2052 maxima
875 2013 915 2053 ex
934 1994 1025 2074 parte
1044 1989 1119 2053 inde

78 2095 267 2160 efficiantur.
311 2092 460 2168 Accedit,
493 2084 580 2177 quod
606 2094 742 2157 alterum
770 2094 865 2157 etiam
891 2093 1028 2158 habebat
1054 2097 1117 2157 tra

81 2200 194 2282 goedia
215 2197 354 2263 titulum.
395 2196 480 2261 Nam
503 2221 575 2263 cum
596 2198 661 2263 duo
683 2202 808 2264 exstent
830 2199 914 2264 Attii
939 2199 1119 2286 fragmenta

81 2301 155 2387 (lv,
175 2304 235 2380 V.;
257 2303 367 2368 Bothii
389 2303 419 2366 fr
441 2302 471 2368 2.
488 2326 528 2368 ex
541 2303 699 2368 Diomede
718 2326 884 2390 perperam
898 2305 962 2368 illic
978 2305 1118 2391 legitur),

81 2429 161 2492 quae
193 2412 252 2472 sub
286 2407 413 2471 nomine
441 2406 604 2471 Troadum
634 2409 787 2483 citantur,
821 2408 854 2470 in
884 2413 1037 2494 promptu
1069 2413 1119 2472 est

77 2513 279 2590 coniectura,
311 2515 532 2598 argumentum
561 2511 686 2575 fabulae
705 2511 751 2575 ita
777 2512 945 2597 inscriptae
966 2512 1053 2576 haud
1075 2511 1120 2575 di.

78 2640 207 2684 versum
228 2618 326 2682 fuisse
348 2617 388 2682 ab
409 2617 464 2682 illo
477 2616 663 2702 Euripideo,
686 2616 736 2680 cui
755 2616 837 2679 idem
861 2614 978 2702 obtigit
992 2639 1117 2693 nomen,

77 2722 231 2808 quodque
251 2722 441 2808 Astyanacti
467 2720 670 2785 tribuendum
692 2721 879 2785 censuimus.
925 2719 1022 2800 Quod
1044 2744 1121 2789 vero

82 2827 192 2891 Attius
215 2827 458 2915 appellationem
475 2824 684 2913 Sophocleam
704 2848 768 2890 non
789 2825 933 2891 asciverit
950 2830 1122 2914 propterea

84 2928 202 2996 factum
226 2956 295 2997 esse
321 2937 416 3020 puto,
447 2933 534 3018 quod
554 2932 831 2996 Aeehmalotidum
856 2955 920 2997 vox
943 2932 984 2995 ad
1004 2932 1121 2996 Roma-

83 3055 198 3100 norum
219 3061 312 3121 aures
339 3039 442 3102 minus
464 3036 684 3112 conveniebat,
712 3058 808 3119 quam
836 3040 913 3101 nota
939 3036 1002 3100 iam
1023 3036 1121 3100 Troa-

83 3136 179 3216 dum3
200 3141 432 3208 observandum
454 3147 503 3207 est
525 3143 608 3206 enim
622 3140 749 3205 Attium
770 3141 965 3225 argumentis
989 3138 1120 3205 Graecis

80 3264 244 3330 nunquam
266 3249 381 3312 latinos
404 3249 515 3313 titulos
542 3245 737 3332 inscripsisse
757 3244 1036 3331 (Epinausimaehe
1055 3245 1120 3333 Ny-

77 3353 244 3438 ctegresia‚
267 3351 375 3416 Persis
391 3353 501 3439 [vulgo
515 3351 683 3427 Persidae;
706 3349 778 3414 vide
797 3349 908 3437 infra]‚
932 3348 1121 3436 Stasiastae)

77 3454 255 3519 dummodo
278 3458 438 3542 exceperis
460 3458 634 3522 Armorum
659 3455 824 3532 iudicium,
854 3456 905 3519 cui
931 3458 1120 3542 argumento

77 3557 141 3621 iam
163 3559 324 3624 Pacuvius
345 3560 475 3624 latinam
498 3560 740 3646 appellationem
762 3559 928 3626 indiderat.

165 3662 215 3726 Ut
246 3662 332 3748 apud
363 3662 567 3749 Euripidem,
607 3665 654 3728 ita
689 3666 775 3751 apud
812 3667 960 3728 nostrum
995 3686 1120 3750 quoque

80 3783 195 3847 praeco
225 3765 415 3854 Talthybius
444 3767 577 3855 captivis
605 3769 731 3834 videtur
752 3770 927 3847 nunciasse,
951 3790 1120 3854 quamnam

81 3885 226 3948 quaeque
245 3877 365 3938 sortem
387 3872 429 3937 sit
451 3872 574 3938 sortita.
620 3873 747 3960 Pergit:
