2520 4500
652 76 685 145 di
1138 143 1180 225 41

146 306 332 396 aurysaen
351 270 445 391 pta
466 301 583 370 addua
603 301 710 379 atet,
738 322 833 388 quem
853 301 1023 368 ramata
1041 302 1085 386 (v.
1107 299 1185 385 aaa)

301 406 344 492 μῆ
367 408 470 492 colyti
492 432 551 472 που
573 404 727 490 δύστηνος
748 404 884 490 dnicae
904 405 997 471 θάνοι

148 515 358 602 ablegaverat.
401 511 486 577 Aiax
507 534 576 577 eam
596 511 723 576 laudat:

79 624 133 692 80.
233 617 330 686 XVI.
358 615 571 693 Benefecisti
591 616 625 681 id
645 615 783 702 nequid
805 615 902 681 subiti
923 614 1001 681 mihi
1021 614 1118 681 febris

301 722 383 790 Mali
404 721 534 787 exciret.
556 762 600 771 -

148 827 247 917 Apud
261 827 452 917 Sophoclem
474 825 552 892 haec
573 829 647 892 aunt
669 824 766 890 verba
779 824 880 912 patria
902 825 944 890 ad
964 824 1064 890 filium
1078 824 1185 911 (550):

296 927 339 998 Ὠ
360 940 420 996 παῖ
436 930 534 1014 γένοιο
557 928 676 1017 nazcir
697 929 914 1013 εὐτυχέστερος

302 1035 342 1102 τὰ
364 1035 390 1098 d‘
412 1032 477 1098 dtt‘
505 1030 621 1116 ὅμοιος.

150 1143 243 1227 Quae
263 1143 373 1207 noster
393 1139 440 1203 ita
461 1139 631 1226 expressit:

80 1253 133 1322 81,
234 1245 348 1313 XVII.
376 1244 501 1311 Virtiiti
523 1244 566 1309 sis
587 1266 660 1330 par,
683 1244 794 1332 dispar
814 1243 953 1310 fortunis
972 1246 1084 1333 patris.

149 1353 196 1419 Et
216 1349 287 1416 coll.
311 1347 412 1436 Soph.
433 1371 464 1417 v.
486 1347 550 1416 552
572 1371 618 1434 eq.
640 1349 716 1415 Huo
736 1348 840 1415 refero
862 1349 976 1414 etiam:
1090 1411 1093 1417 .

80 1462 134 1530 82.
235 1453 367 1522 XVIII.
454 1493 497 1504 -
518 1452 586 1518 Ubi

307 1555 396 1624 Cura
417 1557 468 1623 est
486 1557 531 1623 ibi
553 1556 724 1634 anxitddo,
747 1557 876 1624 acerbat
897 1557 1012 1625 cincta
1032 1559 1078 1624 ibi

306 1661 522 1746 Consiliorum
543 1661 628 1726 ratio
649 1661 683 1726 tt
704 1660 861 1729 fortunae.
880 1702 924 1714 —
1095 1638 1102 1665 ⁶

151 1769 205 1835 Ex
225 1768 331 1834 nuncii
353 1767 498 1834 oratione
519 1789 548 1833 v.
572 1764 637 1831 748
658 1787 705 1851 sq.
728 1766 857 1832 fluxisse
877 1766 1045 1832 verisimile
1066 1770 1130 1831 est:

84 1881 138 1950 83,
239 1873 340 1939 XIX.
369 1871 435 1937 Sed
462 1871 591 1959 pdrvico
616 1871 702 1936 Aiax
731 1871 838 1938 animo
868 1874 964 1956 atque
989 1870 1190 1965 immordbili.

152 1977 244 2043 Idem
265 1977 352 2064 apud
372 1976 550 2041 Pacuvium
571 1975 687 2040 dicitur
708 1975 805 2061 (Non.
826 1998 860 2063 p.
885 1975 956 2043 161.
980 1975 1048 2061 24.)

309 2089 417 2146 Feroci
436 2087 565 2165 ingenio,
587 2095 689 2141 torvus
708 2084 955 2166 praegrandi
973 2084 1109 2166 gradu.

153 2188 237 2253 Post
258 2188 394 2251 mortem
414 2183 523 2249 Aiacis
545 2182 660 2248 chorus
683 2183 750 2249 eine
772 2182 870 2249 dubio
891 2183 986 2250 finem
1007 2186 1193 2271 tragoediae

154 2288 290 2355 &ciebat
304 2290 451 2367 carmine,
474 2310 539 2374 quo
553 2288 637 2353 illius
650 2287 755 2354 fatum
770 2287 958 2376 deplorabat
972 2290 1192 2384 monebatque,

242 2548 305 2606 xvi.
328 2547 571 2616 inanitate.
607 2550 693 2601 Subiti
714 2551 782 2603 dicti
798 2570 850 2623 pro
879 2554 1007 2623 repentina
1030 2553 1124 2604 Accius
1143 2559 1194 2603 Ars

155 2655 258 2690 morum
287 2634 406 2688 iudicio:
433 2635 495 2687 bene
510 2634 595 2706 sacis.
630 2637 685 2689 Sed
705 2655 776 2690 nunc
802 2656 828 2710 q.
851 2659 872 2697 s.
893 2658 926 2696 m.
942 2639 971 2708 f.
996 2641 1086 2691 cecinit
1109 2638 1193 2692 mali?

154 2729 212 2799 (qur
229 2724 312 2795 subt‘ti
325 2723 352 2779 L.
372 2750 402 2763 ··
413 2721 503 2792 febrit
526 2735 629 2774 aestuat
655 2736 715 2776 ante
732 2724 765 2782 lt.
784 2752 817 2763 ·-
836 2730 928 2780 asciuit
955 2726 1017 2778 mila
1040 2725 1082 2792 L.)
1108 2727 1194 2783 llcrm.

155 2814 228 2866 dedit
241 2810 357 2882 febrem.
392 2810 543 2878 significare
567 2811 669 2863 videtur
692 2811 733 2864 hic
750 2810 839 2882 fibris
865 2822 993 2866 tormenta
1018 2823 1123 2884 proptor
1145 2816 1193 2866 da-

156 2901 322 2954 mnationem.
357 2897 396 2954 Gi.
414 2897 497 2951 Plaut.
514 2897 605 2955 Pseud.
624 2903 650 2955 2.
668 2905 693 2956 ².
712 2904 755 2957 48,

241 3002 317 3060 xvn.
340 2991 468 3058 Macciob.
485 3002 537 3059 Sat.
555 3005 580 3059 6.
600 3007 625 3057 1.
662 3005 807 3073 Vergilius:
832 3005 911 3057 Disce
932 3024 999 3076 puer
1020 3009 1146 3058 virtutem
1163 3025 1194 3059 ca

158 3107 197 3140 mc
213 3104 352 3161 verumque
369 3090 499 3155 latorem,
524 3091 669 3142 Fortunam
687 3109 719 3142 ca·
732 3092 799 3148 atis.
834 3095 930 3144 Accius
952 3094 981 3144 in
1003 3109 1138 3144 amorum
1155 3095 1195 3146 iu·

157 3174 245 3228 dicto:
265 3200 333 3218 ·--·
663 3188 673 3199 '¹

243 3279 330 3334 xvlll.
349 3277 417 3336 don.
435 3296 460 3347 p.
478 3284 520 3337 72.
538 3284 583 3338 28.
619 3282 764 3338 Anaeitudo.
787 3285 882 3335 Accius
899 3315 914 3327 -
931 3312 946 3324 ·
965 3283 1036 3335 Idem
1060 3302 1194 3337 armorum

129 3415 132 3419 ,
154 3367 272 3421 iudicat:
292 3391 358 3406 --
380 3367 489 3431 (acerba
505 3369 543 3420 ibi
558 3367 578 3426 Ι,
598 3368 644 3434 ll.)
662 3369 769 3423 Botlrius
787 3370 866 3424 falso:
889 3371 988 3435 „Recto
1006 3371 1080 3429 Voss.
1102 3374 1193 3425 anxio-

156 3455 229 3512 tudo.
253 3450 391 3523 Vulgatum
413 3455 533 3507 anxitudo
557 3457 678 3526 analogia
698 3460 799 3513 carot.“
820 3457 867 3513 ‚Et
884 3457 1030 3510 noxitudo?
1063 3460 1122 3527 lpse
1140 3458 1193 3518 Cio.

157 3545 236 3596 utitur
252 3542 337 3596 forma
354 3542 503 3594 acritudine
520 3543 583 3610 nep.
601 3547 627 3599 2.
645 3548 688 3600 41.
710 3545 775 3598 llirc
792 3544 927 3600 Hermann.
946 3546 1037 3602 verba:
1055 3538 1192 3598 acerbass-

151 3626 282 3696 fortunae
300 3627 475 3683 Ciceronis
493 3631 695 3683 additamentum
713 3632 797 3686 habat.

243 3737 314 3792 xlx.
336 3733 402 3791 lion.
420 3738 523 3802 p.487.
542 3738 584 3789 14.
619 3736 730 3787 Pervt'co
747 3754 798 3802 pro
820 3739 963 3804 pervicaci,
989 3739 1082 3788 Accius
1099 3743 1193 3789 Armo-

155 3835 218 3869 rum
234 3820 344 3874 iudicio:
363 3849 430 3861 --
441 3839 464 3878 a.
487 3822 610 3877 vorabilt'.
628 3849 663 3860 -
679 3823 806 3874 inarabili
826 3824 892 3877 coni.
928 3823 994 3890 lipt.
1012 3823 1045 3877 Ill.
1063 3826 1192 3874 immemo-

159 3904 240 3957 rabili
260 3909 328 3965 coni.
353 3908 437 3962 Bothe
459 3910 617 3961 inexorabili
641 3911 707 3966 coni.
732 3910 804 3966 Vota.
829 3909 977 3963 Maluissem
1001 3911 1120 3979 equidem
1145 3882 1208 3961 dut-l

67 4031 71 4039 .
157 3992 255 4058 mobtt',
274 3997 321 4049 riti
333 3996 439 4052 Pacuvii
451 3996 524 4049 locut
534 3996 673 4050 llormanni
686 3998 858 4062 coniectum,
876 4014 952 4066 quam
964 3999 1062 4066 recepi,
1077 3997 1191 4053 reticeat.
