2520 4500
1106 165 1127 229 5

81 322 210 409 schylus
227 325 418 407 argumenta
432 321 630 396 tractaverit,
654 320 744 386 valde
760 320 801 387 ab
815 323 854 386 iis
876 323 1036 388 diversum
1059 346 1128 388 esse

76 453 175 512 quum
198 429 231 491 in
261 428 409 491 universa
439 427 648 513 dispositione
674 429 747 518 tum
770 426 802 488 in
831 429 932 491 scenis
954 429 1125 514 primariis.

75 533 186 614 Quare
209 533 305 596 etiam
332 533 383 597 hio
405 555 478 596 eum
504 532 552 597 ita
580 531 762 596 discessisse
788 530 829 595 ab
852 531 1014 619 Aeschylo
1036 539 1126 620 puto,

74 643 112 704 ut
142 643 271 724 raptum
298 661 356 725 per
378 639 481 702 socios
503 636 635 723 Telephi
665 641 756 701 extra
785 659 910 702 scenam
938 642 1045 703 aetum
1074 638 1128 704 fin-

76 745 168 809 xerit.
213 743 384 808 Adductus
407 765 478 806 sum
499 747 536 808 ut
563 743 625 808 hoc
652 743 833 831 suspicarer
854 741 894 809 fr.
925 744 1011 810 XIV
1031 744 1127 822 Attii,

76 848 180 932 quod,
202 849 262 912 nisi
284 849 345 913 hoo
367 851 504 925 statuas,
540 848 668 913 omnino
691 847 850 933 explicare
871 872 936 912 non
957 844 1127 934 poteris*).

79 952 211 1018 Scenam
234 953 332 1038 Argis
355 952 452 1016 fuisse
480 953 702 1018 demonstrant
724 954 839 1039 Eurip.
862 953 930 1019 Tel.
954 953 994 1020 fr.
1029 954 1069 1018 14
1096 959 1129 1019 et

77 1060 136 1126 inc.
161 1059 219 1135 62,
243 1058 330 1141 quod
351 1059 477 1123 nonnisi
499 1082 518 1122 a
540 1058 683 1145 Telepho
706 1060 739 1123 in
766 1058 875 1123 fabula
904 1060 1130 1145 cognominata

76 1165 322 1251 pronunciatum
353 1186 421 1227 esse
442 1167 561 1249 potest.
608 1162 754 1228 Chorum
776 1187 793 1228 e
816 1163 970 1228 militibus
994 1162 1128 1245 Groeois

77 1269 291 1356 compositum
313 1291 381 1333 esse
403 1291 534 1346 censeo,
558 1293 631 1333 nam
654 1269 751 1341 duces
765 1269 943 1358 *verisimile
975 1274 1024 1332 est
1052 1268 1126 1336 don

77 1377 153 1439 dum
170 1373 311 1457 singulos
333 1375 368 1437 in
388 1396 462 1437 suas
484 1378 587 1438 terras
603 1375 744 1460 dilapsos
765 1374 874 1450 fiiisse,
900 1375 957 1438 sed
971 1374 1130 1439 retinebat

78 1500 140 1547 eos¹
165 1476 331 1542 Menelaus
362 1479 430 1540 iure
458 1478 594 1542 iurando
627 1479 687 1543 sibi
719 1481 760 1542 ad
795 1479 912 1544 bellum
946 1479 1129 1546 obstrictos.

78 1582 160 1647 Viae
182 1583 286 1668 ignari
309 1587 341 1647 et
368 1582 603 1647 calamitatibus
625 1623 668 1632 -
690 1606 764 1646 nam
786 1587 1011 1669 tempestatem
1035 1585 1130 1648 etiam

79 1688 202 1774 experti
232 1691 388 1753 erant—
410 1688 452 1751 ad
482 1688 620 1752 reditum
649 1689 752 1752 coacti
785 1688 868 1751 eirca
887 1687 997 1773 Argos
1028 1693 1132 1753 castra

79 1794 310 1859 constituerant
340 1816 377 1858 eo
407 1816 509 1877 usque
537 1794 708 1870 moraturi,
740 1792 892 1856 donee
862 1815 932 1856 vrae
954 1793 1097 1861 duceni
1088 1817 1132 1858 m

79 1899 238 1963 venissent
265 1898 315 1963 vel
343 1899 508 1963 consilium
538 1921 558 1962 a
586 1898 671 1963 bello
705 1897 879 1963 desistendi
896 1874 1131 1965 firmavissmt.

78 2002 177 2083 Quod
198 2005 403 2090 praeterea
394 2027 427 2067 1n
456 2002 677 2089 Cypriist
616 2003 692 2079 fuit,
721 2001 880 2068 Achillem
892 2024 921 2067 1
941 2002 1108 2067 Thetide
1098 2027 1132 2067 1n

78 2108 215 2196 Scyrum
243 2110 429 2174 traductum
451 2131 520 2172 esse
549 2112 587 2172 ut
608 2107 681 2172 belli
711 2095 852 2193 pericula
874 2107 1037 2193 effugeret,
1067 2132 1132 2173 non

78 2239 159 2300 opus
182 2219 230 2279 est
259 2219 297 2279 ut
319 2215 380 2279 hoc
400 2215 472 2280 loco
492 2214 635 2279 curarint
658 2217 719 2299 poe
721 2217 783 2278 t.ae
828 2210 956 2276 Chorus
984 2216 1091 2278 autem
1115 2237 1133 2279 s

78 2326 146 2384 cast
147 2321 190 2384 ris
132 2322 243 2384 tad
257 2320 506 2406 Agamemnonis
522 2320 616 2383 aedes
628 2310 857 2421 sermulerit,
873 2322 911 2381 ut
925 2322 1039 2404 urgeat
1049 2321 1133 2440 prin-

81 2425 165 2507 cipes
187 2425 231 2487 ibi
253 2428 464 2510 congregatos
480 2426 521 2487 ad
542 2429 665 2489 certum
677 2404 810 2488 tahdem
826 2423 994 2487 consilium
1010 2425 1132 2510 capien-

82 2526 169 2592 dum.
216 2525 319 2590 Simili
340 2529 465 2592 modo
456 2553 490 2591 1n
506 2527 674 2613 Sophoclis
698 2525 826 2612 Oedipo
849 2526 993 2592 Coloneo
1015 2528 1131 2594 chorus

80 2632 182 2708 adest,
206 2635 244 2696 ut
260 2654 333 2696 cum
348 2654 424 2716 rege
445 2632 484 2695 de
499 2632 640 2695 tollenda
660 2631 821 2696 calamitat
806 2635 839 2696 te
854 2633 1022 2700 consultet.
1057 2632 1132 2701 Hoc

79 2736 226 2822 quamvis
244 2760 306 2824 pro
329 2740 418 2801 certo
440 2759 505 2801 non
527 2737 768 2815 venditaverim,
791 2740 899 2809 tamen
921 2740 1132 2804 indicarevi-

80 2843 196 2907 dentur
218 2842 257 2908 fr.
281 2843 331 2908 lv
353 2846 386 2906 et
372 2842 523 2908 tXVlI.
547 2842 726 2928 Prologum
747 2845 939 2927 pronunciat
961 2844 1131 2930 Telephus,

83 2949 136 3030 qui
156 2949 269 3014 habitu
291 2948 470 3012 miserrimo
491 2947 631 3032 (qualem
653 2947 822 3033 Aristoph.
845 2949 984 3014 Acharn.
1009 2947 1074 3011 las
1090 2989 1132 2998 --

82 3051 146 3115 475
169 3075 226 3138 per
240 3054 420 3118 irrisionem
442 3075 516 3117 eum
536 3051 701 3136 describit)
728 3054 842 3139 pannis
873 3053 997 3118 obsitus
1025 3076 1064 3116 ne
1084 3076 1133 3117 co-

30 3157 32 3164 ’
81 3162 287 3246 gnosceretur
309 3156 342 3223 et
355 3161 488 3244 propter
502 3157 617 3223 vulnus
633 3142 811 3222 clauditatis
832 3159 865 3222 in
881 3181 1005 3222 scenam
1025 3158 1134 3244 prodit

34 3289 38 3298 ·
81 3264 176 3330 sociis
199 3263 240 3325 ad
260 3263 336 3326 litus
356 3267 431 3349 post
453 3267 594 3328 montem
617 3262 775 3346 quendam
795 3263 848 3348 (fr.
862 3264 971 3350 XIV),
995 3287 1059 3348 quo
1081 3285 1134 3326 na-

41 3435 47 3442 ,
80 3371 128 3434 vis
162 3368 355 3444 occultetur,
388 3368 515 3436 relictis.
563 3367 629 3449 Qui
662 3374 700 3434 ut
733 3372 930 3455 spectatores
964 3369 1132 3454 expeditos

169 3601 256 3700 *)⁵ln
287 3633 395 3684 eandem
431 3649 513 3702 nuper
549 3635 639 3685 incidit
672 3634 845 3684 coniecturam
896 3632 1065 3685 Groterneier.
1101 3658 1134 3670 -·

85 3717 153 3784 Opus
171 3722 233 3772 illud
253 3720 377 3773 caelatum
397 3723 476 3774 cislae
488 3721 621 3784 Etruscae,
641 3720 709 3788 quod
728 3719 902 3801 *Euripidis
915 3718 1027 3768 fabulam
1048 3717 1136 3769 retulit

84 3807 185 3858 lahnins
203 3809 220 3863 l.
239 3827 270 3871 c.‚
290 3809 321 3862 ad
340 3810 460 3876 Aeschyli
479 3812 564 3878 potius
584 3808 742 3875 tragoediam
757 3807 919 3857 referendum
934 3807 1045 3856 videtur.
1071 3805 1133 3857 Nam

83 3914 104 3963 si
120 3919 189 3962 recle
202 3917 305 3967 memini
318 3913 445 3980 'l'elephus
460 3917 484 3967 in
499 3917 597 3981 pictura
617 3912 660 3963 illa
674 3910 789 3964 Orestam
808 3916 827 3956 σ
835 3899 876 3955 vl
886 3897 902 3955 l·
911 3889 1018 3972 αβών
1041 3890 1081 3970 l‘Z
1088 3913 1133 3965 st,

82 4009 111 4052 ut
129 3999 216 4053 Schol.
234 4001 250 4053 1.
269 4018 291 4054 c.
305 4001 437 4072 loquitur.
