2520 4500
86 137 129 205 46

86 297 177 362 Haec
205 294 301 359 habes
323 295 526 381 Neoptolemi
553 295 679 360 Attiani
706 296 902 383 fragmenta,
933 323 1068 386 quorum
1089 305 1122 366 in

87 401 266 488 quaerendo
287 399 411 465 fabulae
432 406 620 486 argumento
642 403 725 466 ratio
747 402 890 469 habenda
915 405 985 472 fuit
1031 405 1122 486 Quae

86 509 170 574 enim
190 508 319 591 innuper
342 510 466 570 servata
488 509 576 570 sunt:

20 616 71 682 97.
172 611 272 678 XIII.
300 609 409 694 Atque
430 633 492 696 ego
512 616 593 699 Υθῇ,
610 663 643 677 ..

19 719 71 786 98.
172 717 268 782 XIV.
300 713 365 780 Sed
385 716 449 779 iam
463 739 523 801 pro
540 767 547 782 .
566 767 572 782 .
590 768 597 783 .
616 769 623 783 .
644 720 693 782 tes
712 717 813 782 salum

20 826 71 893 99.
173 822 252 888 XV.
284 819 349 886 Sed
370 820 522 904 quosdam

87 928 202 993 nullius
225 927 369 1001 omnino,
391 929 429 991 ut
450 925 555 1002 vides,
579 930 654 991 sunt
676 928 836 993 momenti.

506 1155 708 1166 ——uu-n

280 1397 343 1463 111.
387 1394 932 1466 PHILOCTETES.

175 1555 228 1624 cf.
251 1556 408 1622 Diintzer.
430 1556 464 1618 in
479 1555 725 1621 Zimmermanni
741 1556 926 1623 Zeitschrift
946 1557 970 1622 fi
985 1556 1125 1626 Alc-W,

91 1662 175 1732 1838
202 1663 264 1728 No.
294 1661 316 1726 4
349 1684 395 1745 sq.
439 1660 600 1727 Welcker.
630 1663 663 1726 in
691 1662 779 1727 Mus.
810 1663 871 1728 Rh.
893 1661 1073 1749 5.-(1837.)
1091 1689 1123 1752 p.

86 1768 151 1837 466
172 1791 219 1852 sq.
263 1765 441 1832 Hermanni
462 1788 536 1851 opp.
561 1764 591 1830 3.
614 1789 646 1852 p.
673 1764 733 1830 115
756 1788 803 1850 sq.

91 1922 92 1926 ¹
172 1890 283 1957 Prima
304 1889 367 1951 iam
388 1884 642 1972 fragmentorum
662 1887 817 1974 inspectio
836 1889 938 1967 docet,
961 1913 1123 1979 argumen-

87 2002 157 2062 tum
178 1995 262 2060 Attii
282 1993 480 2059 Philoctetae
500 1992 584 2056 idem
607 1990 706 2057 firisse
726 2015 763 2057 ac
785 1991 980 2079 Sophocleae
1000 1996 1123 2062 fabulae

87 2101 283 2188 cognominis
311 2120 413 2181 neque
442 2119 518 2162 vero
540 2096 753 2162 Philoctetam
782 2100 815 2161 in
835 2099 941 2165 Troia.
986 2102 1119 2167 Exstite-

19 2198 20 2203 '
87 2211 164 2271 runt
199 2207 306 2268 autem
342 2201 482 2264 eiusdem
519 2202 699 2286 argumenti
727 2202 813 2287 apud
844 2202 984 2270 Graecos
1019 2209 1123 2294 plnres

87 2295 286 2396 tragoediae,
310 2328 444 2389 quarum
465 2304 708 2391 (Antiphontis),
730 2306 897 2386 Philoclis,
925 2311 1125 2378 Theodectes

77 2417 284 2488 omittentes,
321 2411 361 2474 de
392 2410 506 2496 quibus
543 2411 597 2475 vix
623 2411 696 2496 plus
736 2419 933 2500 compertum
961 2415 1124 2493 habemus,
1220 2426 1256 2479 ..t-

60 2509 61 2512 ¹
87 2544 183 2607 quam
204 2538 337 2593 nomen,
366 2516 407 2581 ad
435 2518 501 2580 tres
530 2515 599 2579 illas
627 2518 806 2604 principum
833 2519 956 2584 fabulas
985 2523 1125 2584 animum

87 2626 289 2690 advertemus
310 2624 362 2698 ut,
394 2621 480 2707 quod
503 2621 543 2686 ad
571 2622 760 2687 imitandum
783 2625 841 2688 sibi
872 2623 1033 2706 exemplar
1053 2644 1125 2705 pro-

87 2729 230 2817 posuerit
250 2726 377 2802 Attius,
401 2747 566 2811 quousque
587 2725 677 2803 licet,
700 2728 935 2811 investigemus.

173 2852 282 2933 Atque
307 2848 358 2912 hic
392 2846 576 2911 facillimum
603 2848 653 2908 est
681 2845 721 2908 de
749 2843 908 2928 Sophocle
942 2843 1122 2919 diiudicare,

88 2956 177 3022 cuius
198 2956 269 3019 tota
294 2955 438 3039 superest
458 2948 632 3034 tragoedia.
677 2946 784 3010 Huius
813 2946 895 3009 enim
924 2945 964 3012 ab
994 2947 1123 3012 adorna.

25 3095 29 3101 ·
88 3061 175 3126 tione
196 3048 351 3144 quantum
378 3055 480 3120 nostri
508 3053 688 3139 fragmenta
716 3050 919 3129 dissentiant,
946 3074 1040 3118 nemo
1059 3075 1124 3117 non

88 3164 185 3231 videt.
229 3161 379 3248 Aeschyli
399 3161 506 3223 autem
527 3161 561 3221 et
580 3155 744 3242 Euripidis
772 3157 954 3242 tragoediae
981 3158 1123 3243 quamvis

177 3441 228 3493 Xlll
255 3450 282 3492 et
305 3439 368 3494 xlv.
390 3438 458 3493 Fest.
484 3453 509 3504 p.
536 3439 595 3491 273.
632 3437 710 3487 Butes
734 3440 793 3488 actm
818 3468 832 3480 -
856 3467 870 3480 -
894 3437 993 3504 [eodem
1016 3439 1124 3488 navium

89 3530 172 3598 signs]
188 3527 307 3600 ficariut
333 3527 411 3575 etiarm
439 3543 467 3574 rc
493 3523 562 3590 [mos
582 3525 667 3574 Attius
684 3526 712 3575 iu
731 3525 846 3592 Neopto]
864 3526 944 3580 lemo:
971 3528 1056 3594 Atque
1074 3539 1124 3588 ego

91 3612 387 3685 rapacissimarum
404 3608 488 3677 mare]
510 3623 533 3663 et
557 3612 610 3663 alio
630 3612 703 3662 loco:
726 3611 779 3666 Sed
794 3615 846 3664 iam
863 3631 917 3682 pro
941 3611 1050 3680 [pellent
1067 3625 1125 3658 cae-

92 3700 189 3754 rulum
207 3699 251 3766 ru]
270 3711 308 3750 ter
324 3699 415 3753 ullum.
430 3726 461 3738 -
483 3698 553 3762 „llos
571 3700 632 3751 Attii
649 3699 862 3768 varsusscaliger
880 3707 907 3750 el
922 3698 1006 3752 Urriu.
1024 3711 1040 3747 e
1057 3698 1125 3748 coni.

92 3788 163 3842 uullo
179 3787 232 3839 ulio
250 3785 364 3837 subsidio
383 3786 568 3853 expleverunt“
584 3786 697 3840 Mueller.

179 3891 232 3946 xv.
258 3889 335 3948 Prisc.
354 3891 395 3947 13.
413 3893 438 3949 3.
460 3891 500 3948 13.
518 3908 542 3959 p.
561 3895 621 3946 567.
656 3893 841 3943 Accusationem
859 3891 936 3940 ctiam
959 3905 1040 3959 quos,
1059 3903 1126 3960 quos

92 3982 135 4034 vel
151 3998 213 4053 ques
230 4009 245 4021 -
263 4008 278 4021 ·
296 3980 383 4031 Attius
398 3981 427 4030 in
446 3980 628 4041 Neoptolemo:
649 4003 729 4030 --.
760 4009 762 4015 ·
