2520 4500
102 106 122 173 6

100 267 214 330 reddat
235 266 276 330 ad
291 266 375 330 viam
390 268 575 353 tragoediae
590 268 822 352 exsequendam
838 291 897 333 sua
914 268 982 334 fata
1003 271 1144 356 exponit.

99 370 247 435 Miserias
270 395 345 436 suas
366 394 561 456 conquerens
584 373 678 437 dicit:

53 473 82 541 1.
184 477 211 542 I.
235 517 278 526 -
300 477 407 572 Flucti
429 477 552 544 cruoris
574 477 748 545 voluntat
770 478 857 545 mihi.

97 582 144 649 Et
164 582 272 668 paullo
294 586 385 667 post:

49 684 80 752 2.
183 687 229 753 ll.
263 687 347 751 Nam
368 688 396 751 is
424 685 554 753 demum
576 689 671 753 miser
701 692 768 767 est,
798 689 888 755 cuius
917 689 1068 756 nobilitas
1089 691 1146 755 mi-

180 794 222 879 ᾗ
414 795 512 858 serias

254 897 421 973 Nobilitas.
444 939 487 949 --

97 999 164 1069 Sed
179 1002 342 1068 oraculum
357 1002 455 1080 habet
475 999 506 1088 (ὁ
523 1003 647 1089 τρώσας
666 1004 796 1071 ἰάσεται.
821 1003 928 1072 Schol.
941 1005 1041 1072 Arist.
1057 1005 1144 1076 Nub.

97 1106 184 1205 931),
207 1109 257 1173 cui
279 1107 426 1174 confidite

48 1209 79 1278 3.
112 1206 243 1289 ‹athIL
271 1213 337 1279 Prb
353 1218 442 1280 certo
457 1214 639 1279 arbitrabor
651 1217 747 1280 sortis
763 1215 868 1280 oracla
878 1216 996 1302 adytus
1011 1214 1144 1302 augura.

182 1318 236 1385 Ad
251 1320 372 1384 nodum
392 1317 529 1395 fabulae,
553 1320 608 1403 qui
623 1320 755 1397 dieitur,
778 1305 969 1386 nectendum
990 1323 1024 1387 in
1037 1322 1144 1408 priore

95 1427 187 1510 parte
209 1424 403 1509 colloquium
424 1426 508 1490 inter
527 1425 705 1510 Telephum
725 1429 758 1491 et
779 1423 1070 1513 Clytaemnestram
1084 1448 1145 1517 ,a

96 1530 193 1595 situm
216 1529 257 1593 sit
278 1552 405 1595 necesse
428 1534 488 1598 est.
521 1530 612 1596 Haec
632 1531 718 1595 illius
738 1532 971 1597 calamitatibus
998 1533 1040 1596 ad
1055 1532 1145 1598 mise

93 1634 266 1699 ricordiam
288 1627 427 1722 adducta
449 1640 481 1701 et
502 1638 551 1700 ira
572 1639 706 1722 propter
725 1635 925 1721 Iphigeniam
947 1637 1145 1704 immolatam

94 1732 241 1837 perrffla
256 1730 410 1805 auxilium
431 1741 476 1802 illi
495 1740 668 1825 promittit.
702 1737 880 1805 Consilium
902 1742 986 1807 inter
1008 1766 1043 1809 se
1061 1767 1144 1811 com·

95 1824 256 1917 mffoant
284 1845 559 1943 Agamemnonem
580 1848 678 1931 raptu
700 1842 828 1911 Orestis
851 1849 1002 1934 cogendi,
1025 1853 1063 1915 ut
1084 1832 1142 1915 Te-

31 2031 32 2034 *
93 1949 180 2036 lephi
201 1944 361 2017 voluntssti
383 1949 599 2038 obtemperet.

93 2056 134 2121 ln
155 2078 281 2121 scenam
303 2055 376 2120 dein
396 2057 588 2142 processerit
607 2055 734 2134 chorus,
758 2058 809 2122 eui
827 2057 919 2122 facile
937 2059 1140 2125 tribuuntur:

45 2156 78 2225 4.
159 2151 240 2228 xIV.
272 2161 342 2224 Iam
364 2160 429 2225 iam
452 2161 582 2246 stupido
603 2161 760 2226 Thesstla
782 2183 895 2227 somno

271 2264 410 2333 Peott'rra
430 2263 648 2357 lanmtque
668 2265 853 2352 sentiatque.

90 2370 230 2459 Excepit
261 2371 350 2437 chori
383 2354 653 2450 carmelf'scena,
685 2372 775 2438 cuius
810 2372 902 2440 initio
942 2374 1143 2442 Graecorum

93 2476 192 2546 duces
207 2477 336 2544 tesseris
350 2475 496 2542 ludentes
512 2477 788 2567 conspiciebantur
807 2481 936 2570 (Eurip.
956 2480 1025 2548 Tel.
1041 2481 1081 2549 fr.
1097 2481 1145 2562 3.)

293 2644 404 2655 ——nn

183 2739 203 2811 l.
227 2740 294 2795 Non.
309 2755 335 2806 p.
352 2734 414 2798 488.
434 2745 475 2797 ll.
509 2744 601 2795 Flacci
621 2762 672 2812 pro
687 2743 803 2810 flnctus.
838 2743 934 2791 Accius
954 2710 1060 2800 Teless:
1070 2732 1099 2803 s
1118 2751 1141 2787 e.

93 2830 229 2880 volverunt
248 2847 280 2882 m.
299 2829 490 2893 (volverentur
512 2845 537 2879 m
555 2827 585 2885 L.
606 2829 688 2895 princ.
707 2855 739 2865 -
759 2827 898 2878 volverent
916 2827 939 2875 A
957 2823 998 2887 l.)
1014 2820 1062 2878 CR:
1087 2822 1141 2874 La-

94 2918 189 2968 crimae
208 2915 390 2966 volvuntur
407 2918 504 2969 inanes.
525 2915 595 2982 Virg.
614 2916 661 2965 Aa.
679 2917 704 2967 4.
723 2916 782 2968 449.

181 3003 211 3057 ΙΙ.
235 3001 300 3056 Non.
319 3019 344 3069 p.
360 2988 424 3057 352.
440 3005 480 3067 8,..
494 3003 607 3065 ΔΛόἱιὶἰίε
625 2999 724 3052 dicitur
747 3011 772 3049 et
790 3010 871 3048 notus
887 3022 901 3038 ·
917 3024 928 3038 -
950 2997 1024 3051 Unde
1047 3011 1072 3049 et
1090 3015 1139 3048 no·

94 3091 228 3142 bilitarent
249 3088 423 3162 laetficarent
434 3080 533 3165 depellar
546 3102 593 3141 est.
611 3115 624 3128 ·
642 3113 655 3127 ·
674 3089 768 3138 Accius
782 3086 809 3138 T
806 3084 895 3153 clepho
903 3105 913 3136 :
930 3105 967 3138 rra
984 3085 1024 3136 lu's
1037 3084 1138 3136 demum

93 3180 215 3239 miserar,
240 3179 314 3228 cuius
332 3177 456 3229 nobilitas
478 3178 597 3230 misertas
616 3172 746 3225 Nobr'lr'tat
764 3171 900 3241 (teleptm
919 3191 979 3225 rrum
997 3176 1020 3224 is
1038 3170 1140 3223 demum

93 3267 172 3315 muer
202 3276 241 3314 est
274 3263 353 3328 edd.)
393 3234 523 3330 Telephpt
540 3263 660 3314 miseriae
690 3275 722 3311 eo
753 3259 914 3312 molestiores
944 3263 1021 3312 etiam
1056 3265 1141 3317 erant,

94 3346 178 3420 quoti,
204 3368 283 3420 quum
301 3353 357 3420 ipse
381 3360 451 3403 esset
474 3350 584 3412 nobilis,
611 3363 659 3414 per
677 3349 823 3400 uuiversum
841 3347 1004 3401 Teuthrantis
1029 3360 1139 3413 regnum

79 3430 267 3491 ‘'innotuerant.
770 3435 772 3438 ’

180 3525 223 3578 Ill.
249 3526 314 3582 Non.
331 3543 355 3592 p.
376 3527 436 3581 488.
454 3528 478 3580 3,
507 3532 617 3592 Augure
633 3543 684 3594 pro
703 3525 819 3589 auguria
837 3525 931 3574 Accius
949 3518 1051 3588 Telefo:
1071 3545 1139 3556 --

94 3611 211 3683 (lelofo
229 3613 291 3676 W.)
328 3613 365 3664 lta
384 3615 462 3664 etiam
480 3611 628 3680 aplustra
647 3613 777 3663 invenitur
795 3625 841 3676 pro
862 3607 1040 3674 aplustria.

180 3699 222 3752 lv,
244 3699 321 3757 Prisc.
342 3701 375 3752 de
397 3674 548 3759 metlff'ler.
568 3699 608 3753 10.
627 3702 652 3754 ³.
669 3702 713 3754 20.
726 3729 741 3740 -
760 3727 775 3740 -
788 3713 864 3746 senso
882 3697 1019 3746 invenitur
1034 3694 1062 3743 in
1080 3711 1139 3747 usa.

94 3789 182 3839 Attius
196 3789 224 3838 in
244 3787 372 3858 Telepho:
386 3815 467 3841 —-.
487 3786 593 3839 Pectora
611 3785 731 3839 Thessala
750 3791 809 3834 sunt
826 3781 932 3834 Achillis
956 3779 1138 3846 Myrmidones,

92 3891 200 3942 quorum
219 3875 281 3926 urbs
300 3876 382 3942 patria
395 3873 485 3926 Phthia
504 3876 552 3926 sita
572 3882 612 3925 ast
628 3875 655 3924 in
675 3871 811 3923 Thessalia.
826 3867 921 3925 -cr,:
935 3867 1033 3934 Corpus
1052 3883 1138 3920 meum

93 3961 138 4014 tali
157 3976 281 4026 maerore,
301 3978 407 4032 errore,
422 3977 526 4014 macore
544 3969 647 4016 sanet.
683 3958 777 4015 Pacuv.
796 3973 837 4025 ap.
855 3956 920 4012 lion.
941 3957 997 4010 tet.
1017 3959 1040 4012 l.
