2520 4500
136 119 180 195 ³8.
604 36 670 139 Q

137 277 289 344 Postulat
317 279 452 363 denique
473 278 514 344 ab
535 278 677 356 Atridis,
708 283 746 344 ut
767 303 806 346 eo
827 282 915 366 quod
939 281 1002 347 sibi
1022 283 1124 347 amico
1147 286 1180 347 et

137 386 274 470 cognato
294 381 428 449 Achillis
450 406 540 449 arma
559 384 751 460 adiudicent,
774 385 925 451 dirimant
947 386 1073 473 culpam
1094 386 1179 451 illam
1231 443 1234 449 .

137 491 267 576 creptae
286 487 458 556 Brisetdis:

70 588 122 657 71.
224 593 302 659 VII.
324 591 418 678 (Sed)
438 592 595 659 ndxitudo
617 592 902 675 oblittereturhdc
923 596 974 661 dic

293 687 521 784 Peldpidarum
544 701 644 783 atque
665 698 724 786 per
748 722 808 766 nos
828 701 1005 768 sanctesott
1026 723 1135 787 genus.

136 800 263 878 Habes,
296 825 379 889 quae
407 802 518 869 Aiacis
547 826 617 879 esse
644 826 816 875 censemus.
861 803 936 872 Non
962 806 1180 872 omittendum

137 907 280 984 videtur,
310 907 399 992 quod
420 911 533 975 auctor
553 907 709 975 librorum
738 911 779 976 ad
807 909 1015 999 Herennium?
1031 909 1117 994 (vide
1137 910 1179 975 fr.

136 1012 196 1078 IV.
218 1011 260 1083 V.
282 1012 373 1097 Vl),
394 1013 451 1097 qui
472 1011 555 1080 illius
584 1015 762 1083 orationem
784 1036 918 1085 censura
943 1015 1080 1100 quadam
1110 1037 1183 1080 oxa

137 1117 295 1204 minavit,
309 1120 484 1194 monstrat,
513 1117 646 1185 Aiacem
667 1121 701 1184 in
720 1119 807 1205 leges
828 1121 908 1185 artis
930 1120 1089 1185 oratoriae
1110 1141 1183 1206 peo-

137 1244 242 1291 casse:
272 1244 347 1290 nam
368 1222 570 1289 manifestum
592 1228 657 1302 est,
679 1227 826 1289 nostrum
847 1225 993 1290 consulto
1016 1223 1114 1290 verba
1134 1226 1184 1290 ita

136 1327 393 1394 accommodasse
414 1329 460 1404 ei,
483 1329 538 1413 qui
558 1330 626 1416 ipse
648 1329 688 1394 de
710 1351 744 1394 sc
764 1328 922 1394 fateatur:
957 1334 1016 1395 Sed
1038 1356 1089 1392 nec
1112 1334 1186 1392 mitt

137 1436 233 1495 dt'eere
251 1452 398 1520 promtum
421 1432 499 1513 (Ov.
521 1433 542 1499 l.
566 1457 593 1499 c.
619 1431 683 1518 10.)

224 1534 333 1600 Finita
353 1537 455 1622 igitur
477 1537 612 1624 simplici
633 1537 687 1605 illa
707 1540 869 1615 oratione,
892 1538 1048 1605 facundus
1069 1536 1184 1604 Ulixes

137 1638 215 1725 (Ov.
237 1639 258 1707 l.
282 1663 309 1707 c.
333 1640 412 1727 125)

295 1750 421 1809 Adstitit
443 1761 529 1830 atque
551 1753 647 1810 oculos
665 1753 798 1832 paullum
821 1753 923 1812 tellure
945 1767 1071 1811 moratos

294 1853 418 1913 Sustulit
440 1853 482 1912 ad
496 1876 654 1935 proceres,

139 1955 228 2020 cuius
250 1951 336 2040 apud
357 1950 517 2017 Nasonem
546 1952 644 2018 verba
665 1977 822 2023 summam
844 1957 1050 2043 elegantiam,
1081 1956 1178 2042 splen-

138 2059 250 2127 dorem
270 2060 305 2127 et
331 2060 433 2159 artem
459 2080 538 2144 prae
567 2081 601 2125 se
629 2059 747 2129 ferunt.
792 2058 948 2139 Quamvis
977 2081 1005 2124 er
1032 2087 1121 2144 genus
1150 2077 1175 2121 et

135 2189 265 2251 proavos
292 2162 349 2227 vix
376 2162 485 2228 afferri
513 2162 607 2229 licere
637 2164 812 2241 existimet,
843 2168 953 2232 tamen
972 2164 1180 2252 contemptim

139 2274 207 2353 quia
230 2272 326 2330 retulit
347 2269 427 2331 Aias
449 2274 525 2331 Esse
547 2273 625 2330 Iovis
646 2295 797 2357 pronepos
817 2266 896 2353 (OV.
916 2269 982 2337 l.0.
1007 2269 1091 2354 141)
1113 2271 1183 2356 ipse

139 2371 236 2440 etiam
258 2393 351 2439 suum
374 2392 501 2458 quoque
523 2392 623 2461 genus
644 2395 664 2438 a
684 2373 762 2441 love
785 2375 859 2441 duci
880 2377 1030 2463 exponit:

71 2491 122 2561 72.
225 2494 320 2561 VIII.
349 2494 456 2559 Huiirs
479 2517 530 2560 me
559 2495 676 2561 dividia
705 2495 792 2582 otgit
819 2498 891 2584 plus
919 2520 1015 2583 quam
1044 2500 1093 2561 est
1121 2497 1185 2581 ptr

269 2608 271 2611 ’
450 2600 548 2684 loqui.

138 2703 213 2770 Hoc
233 2707 403 2790 praecipue
429 2705 540 2769 studet
561 2706 744 2781 ostendere,
776 2728 834 2769 sua
862 2704 1064 2788 potissimum
1086 2717 1185 2780 opera

139 2808 235 2874 toties
256 2809 439 2872 universum
454 2808 627 2871 exercitum
643 2811 803 2871 servatum
826 2825 912 2878 esse3
936 2825 969 2866 se
991 2823 1062 2866 esse
1081 2800 1182 2879 illum,

70 2912 122 2980 73.
224 2911 288 2978 ΙΧ.
318 2912 357 2975 In
378 2909 442 2996 qud
465 2909 575 2975 salutis
597 2909 671 2995 spes
700 2926 864 2993 supremas
893 2903 954 2968 sibi
981 2903 1078 2971 habet
1099 2927 1183 2970 sum-

456 3036 509 3080 ma
530 3013 671 3078 exerciti.

138 3185 452 3200 mm·—

106 3271 111 3280 Χ
225 3278 280 3333 Vll.
306 3279 372 3334 Non.
391 3295 415 3346 p.
436 3279 493 3337 143.
512 3281 554 3333 at.
585 3275 722 3329 Noritado
738 3294 790 3346 pro
809 3251 902 3330 norrea:¹
925 3279 1021 3328 Aeetes
1039 3281 1184 3328 Armorum

139 3365 254 3420 iudicio:
272 3366 345 3416 ocule
362 3363 493 3416 noxitudo
512 3364 681 3416 oblitteretur
697 3359 881 3430 Pelopidarum
900 3378 933 3414 ee
947 3380 997 3433 per
1013 3378 1064 3414 nos
1079 3373 1184 3412 santes-

141 3483 184 3523 cat
211 3487 302 3538 genita.
335 3467 503 3530 (sencteaeat.
526 3465 596 3532 cdd.)
633 3465 770 3522 Noat'tudo
792 3474 821 3519 ct
841 3477 987 3522 sanctestet
1017 3477 1079 3518 sunt
1097 3443 1185 3521 dua}

141 3553 296 3639 λεγόμενα,
461 3565 468 3575 ‘
1148 3547 1152 3554 ’

226 3677 293 3730 tttt.
316 3676 380 3732 Non.
397 3693 425 3742 p.
443 3675 485 3732 96.
504 3681 547 3732 22.
586 3677 695 3728 Divitiae
713 3689 749 3728 eet
767 3677 890 3730 taedium.
925 3675 1022 3725 Acrius
1038 3679 1184 3724 Armmm

141 3763 252 3817 indicio:
272 3791 339 3803 --
359 3762 414 3819 Ctt
438 3763 502 3815 llam
529 3764 597 3833 quod
616 3764 661 3816 tihi
680 3772 720 3816 est
737 3777 836 3831 aegre,
861 3760 927 3812 idem
947 3759 1008 3811 mihi
1028 3766 1067 3810 cst
1091 3757 1184 3810 divi-

117 3888 125 3903 ..
143 3853 223 3909 diac.
259 3851 339 3907 Plout.
359 3849 417 3907 Ces.
435 3855 460 3907 2.
479 3855 504 3908 2.
524 3855 564 3906 11.

227 3956 271 4012 tx.
294 3955 359 4012 lion.
384 3973 409 4022 p.
434 3958 495 4012 485.
520 3957 561 4012 13.
591 3956 714 4008 Exerciti
735 3952 777 4004 vel
800 3951 939 4004 exercitatis
964 3967 1015 4018 pro
1040 3951 1180 4005 exercitus,
