2520 4500
160 141 204 212 20

160 302 273 392 procul
292 301 390 368 dubio
411 301 599 389 fragmentis
614 301 746 368 Achillis
761 302 951 382 Aristarchi,
975 327 1069 390 quem
1082 307 1208 374 Ennius

159 407 334 496 expressit,
358 407 512 485 addendi,
543 407 585 472 de
605 398 695 474 cuius
717 413 907 496 argumento
930 408 1037 478 Schol.
1062 410 1208 480 Gronov.

161 513 203 580 ad
232 510 300 580 cie.
328 535 389 600 pro
416 513 511 580 Rosa.
534 512 644 580 Amer.
674 513 727 581 39.
756 513 799 580 90
831 517 877 603 (p.
899 514 965 582 434
988 514 1102 603 Orell.)
1130 518 1210 586 haec

161 617 315 685 servavit:
363 623 397 681 In
428 625 524 682 Ennio
555 622 626 682 tuce
655 623 765 707 subula
794 624 945 683 inducitur
975 627 1117 701 Actr'tlts,
1151 651 1209 710 quo

160 743 290 812 tempore
319 735 445 809 propter
477 725 637 785 Briseidem
672 749 811 810 pugnare
844 728 956 797 inoluit,
991 752 1047 812 quo
1080 746 1210 814 tempore

162 835 248 890 etiam
271 832 381 889 Hector
403 829 524 888 classem
546 850 645 888 eurum
668 831 804 893 incendit.
841 834 876 892 In
899 832 953 891 hac
971 855 1078 916 pugna
1107 836 1210 897 Ulixes

164 934 334 994 vulneratur
363 933 508 992 inducitus
539 947 566 991 et
586 932 715 1016 fugiens
742 935 784 993 od
804 935 947 996 Achillem
978 942 1062 997 venit.
1110 939 1211 1019 Quum

161 1043 395 1118 interrogaretur
417 1038 453 1096 ab
477 1041 579 1114 Aiace,
603 1061 654 1096 cur
669 1038 818 1123 fugisset,
838 1040 887 1099 itte
910 1056 940 1098 ut
956 1042 1061 1100 celaret
1086 1041 1211 1100 dedecus

162 1162 265 1200 suum:
297 1141 372 1215 Quis
396 1145 471 1200 enim
492 1136 592 1223 (leget
626 1143 701 1223 Quis
725 1141 767 1201 ibi
788 1166 844 1201 non
870 1138 940 1206 coll.
965 1139 1033 1207 Cic.
1056 1163 1088 1228 p.
1111 1127 1226 1208 Rosa..

161 1240 236 1306 Am.
259 1238 280 1307 l.
304 1240 347 1324 (t.)
377 1245 545 1305 vutluerotus
564 1247 652 1329 ferro
681 1247 833 1326 Frugiod
864 1240 930 1309 Sed
952 1244 991 1310 de
1012 1245 1063 1310 his
1084 1267 1214 1311 accura-

161 1346 227 1410 tius
249 1343 403 1410 disserere
425 1331 509 1415 uune
530 1344 623 1410 nobis
644 1368 709 1410 non
731 1345 815 1411 lieet.

584 1576 789 1586 *—

315 1817 359 1881 11.
404 1814 1057 1889 EPINAUSIMACHE.

231 1972 282 2040 Cf.
305 1972 528 2060 Nieberding,
550 1972 726 2053 Diintzer.,
747 1975 880 2056 Herm,
903 1977 1022 2046 schell.
1044 1978 1077 2046 ll.
1101 2003 1144 2047 oc.

251 2078 346 2145 Solus
373 2079 485 2145 Attius
513 2079 655 2144 fabulam
683 2081 783 2147 edidit
812 2084 859 2147 ita
879 2085 1092 2162 nominatam3
1123 2084 1208 2174 apud

79 2204 85 2223 ’·
166 2183 363 2251 Graecorum
377 2185 517 2269 tragicos
532 2187 647 2270 podtas
662 2184 743 2248 hanc
757 2188 941 2272 tragoediae
963 2191 1212 2275 appellationem

165 2311 322 2374 nusquam
347 2288 534 2354 invenimus.
580 2286 645 2353 Sed
679 2290 819 2356 decimae
850 2293 965 2357 tertiae
1001 2295 1111 2360 Iliadis
1140 2296 1213 2361 rha

164 2393 295 2482 psodiae
316 2393 515 2479 grammatici
543 2394 787 2482 inscripserunt:
817 2394 903 2482 μάχη
926 2399 973 2463 ἐπὶ
995 2408 1064 2474 ταῖς
1092 2402 1212 2467 ναυσίν.

91 2577 93 2585 ᾗ
165 2499 219 2565 Ex
238 2498 299 2562 hac
319 2521 396 2564 vero
417 2498 547 2565 Attium
568 2524 633 2566 non
661 2501 803 2566 hausisse
826 2507 1050 2590 argumentum
1071 2504 1214 2590 Epinau-

167 2602 324 2668 simachae
359 2603 547 2690 fragmentis
581 2611 724 2694 apparet.
758 2605 854 2674 ‚Nam
887 2607 927 2674 fr.
959 2609 1029 2673 XV
1060 2606 1211 2680 ostendit,

170 2707 291 2774 cladem
312 2708 399 2772 illam
420 2710 633 2774 Troianorum
665 2712 751 2798 apud
772 2710 1003 2776 Scamandrum
1028 2704 1213 2790 tragoediae

167 2812 222 2878 fini
250 2814 464 2877 antecessisse.
508 2812 600 2881 Haec
631 2813 727 2898 longe
756 2816 833 2897 post
860 2832 1002 2895 pugnam
1031 2810 1073 2872 ad
1105 2831 1210 2885 naves,

168 2940 249 3004 quae
268 2917 365 3003 vulgo
388 2916 524 2981 maxime
552 2915 614 2981 hoc
639 2938 755 2981 nomen
781 2937 859 3001 prae
878 2935 913 2978 se
941 2912 1052 2978 tulisse
1073 2914 1210 2991 videtur,

167 3024 254 3091 facta
275 3026 332 3100 est,
355 3025 392 3087 ut
414 3021 524 3086 eadem
543 3020 652 3086 fabula
670 3021 735 3085 duo
755 3019 834 3084 haec
855 3019 1028 3083 certamina
1050 3019 1212 3086 continere

168 3150 233 3195 non
252 3128 403 3214 potuerit.
449 3125 639 3208 Quaerenda
661 3127 710 3190 est
737 3125 837 3210 igitur
865 3123 926 3189 alia
946 3123 1210 3211 epinausimache.

169 3232 264 3297 Hanc
292 3253 359 3296 esse
391 3253 532 3320 pugnam
566 3231 654 3294 illam
689 3230 773 3293 inter
800 3227 941 3295 Graecos
979 3231 1012 3294 et
1041 3229 1211 3305 Troianos,

170 3359 234 3422 qua
262 3334 394 3400 Achillis
424 3358 519 3401 manu
545 3334 671 3400 Hector
705 3333 822 3399 cedidit
854 3337 887 3399 et
922 3335 1011 3401 euius
1041 3334 1096 3397 illa
1124 3331 1213 3416 μάχη

170 3436 408 3526 παραποτάμιος
436 3460 510 3526 pars
540 3441 604 3516 est,
638 3460 677 3502 ex
706 3439 777 3524 ipso
804 3439 949 3505 Homero
979 3438 1214 3524 cognoscimus.

170 3545 321 3631 Pugnare
343 3544 426 3607 enim
448 3542 526 3606 dicit
545 3544 717 3621 Troianos,
746 3566 844 3629 quum
864 3548 941 3630 post
961 3543 1094 3608 Achillis
1116 3562 1215 3606 seces

84 3646 88 3655 ’
172 3651 293 3714 sionem
314 3647 393 3712 urbe
415 3647 550 3713 exierint
568 3648 618 3733 (Il.
644 3647 694 3715 18.
718 3647 796 3734 256)
817 3651 849 3714 ἓν
870 3649 964 3734 πεδίῳ
987 3643 1093 3730 παρὰ
1116 3670 1215 3728 νηυ-

116 3737 126 3747 ⁸
173 3755 243 3820 σίν.
287 3753 481 3838 Postquam·
495 3754 610 3818 iterum
632 3755 665 3817 in
688 3751 820 3818 Graecis
848 3753 1037 3838 conspectus
1058 3753 1121 3828 est,
1150 3749 1214 3816 Pa

163 3858 316 3946 lydamas
337 3857 484 3923 Troianis
506 3858 618 3925 suadet
639 3861 677 3923 ut
698 3859 732 3922 in
751 3856 864 3922 urbem
886 3877 954 3921 sese
971 3856 1135 3942 recipiant,
1157 3853 1215 3920 sed

172 3963 297 4030 Hector
316 3962 517 4035 vehementer
538 3965 568 4030 ei
588 3965 748 4050 repugnat
767 3961 818 4047 (ΙΙ.
844 3959 894 4029 18.
918 3959 1020 4045 303):·
