2520 4500
155 165 195 233 16

153 322 205 388 Cf.
243 321 281 386 Il.
326 319 356 387 9.
395 319 459 385 356
496 342 543 404 sq.
599 317 771 384 Postremo
807 322 890 405 petit
928 319 969 384 sb
1006 319 1195 396 Antilocho,

151 432 189 492 ut
217 424 365 513 precibus
399 447 463 490 non
496 424 632 511 amplius
662 425 815 490 molestus
846 424 905 489 sibi
944 425 1010 491 fiat.
1063 424 1121 490 Ille
1151 446 1197 488 re-

151 532 303 619 spondet:
1179 549 1181 553 ’

83 654 148 721 23.·
238 655 297 721 vl.
328 653 413 719 Nolo
434 652 600 740 equidem3
624 652 680 717 sed
701 656 739 717 tu
760 652 843 730 huic,
860 652 956 738 que'm
971 644 1042 731 scis,
1066 653 1150 738 quali
1164 652 1197 716 in

468 757 503 822 te
526 758 586 822 siet

261 871 264 877 '
330 863 511 940 Fide'litate,
532 862 696 928 obsidam
717 865 867 928 naturim
890 865 950 930 viri

330 967 527 1055 Ignosce.—

152 1076 215 1142 His
236 1074 342 1142 verbis
363 1074 525 1139 inducitur
546 1071 709 1150 Phoenix,
732 1074 783 1138 cui
804 1073 988 1140 tribuerim:

83 1195 137 1263 24.
240 1198 317 1266 VII.
345 1195 446 1263 ‘Iram
474 1191 621 1273 infrenes,
644 1195 752 1261 obstes
776 1197 904 1274 animis,
927 1199 1083 1285 reprimas
1105 1198 1199 1262 eonfi-
1224 1186 1226 1191 ¹

470 1301 621 1391 dentium.

152 1410 200 1476 Et
221 1431 260 1476 ex
282 1410 410 1474 incertis
430 1408 531 1473 Attii:

83 1528 137 1598 25.
240 1531 335 1598 VHI.
358 1572 401 1608 ε
422 1530 507 1597 Nam
535 1529 658 1595 millum
688 1534 738 1595 est
758 1531 920 1617 ingenium
947 1519 1076 1600 tantum
1097 1556 1202 1620 neque

222 1725 225 1730 ι
469 1637 538 1701 tem
560 1635 665 1700 ferum

334 1739 410 1817 Cor,
433 1741 520 1825 quod
542 1763 607 1804 non
634 1739 817 1806 labescatur
839 1742 950 1829 linguis
970 1747 1021 1811 vel
1052 1748 1202 1813 mitescit

215 1852 219 1857 '
463 1844 565 1911 mulo.

153 1954 244 2018 Idem
266 1954 349 2018 enim
371 1951 457 2038 apud
478 1950 659 2016 Homerum
681 1951 719 2018 Il.
744 1949 774 2018 9.
797 1953 861 2020 496
884 1977 930 2041 sq.

332 2074 407 2154 ἀλλξ
422 2073 565 2155 Ἀχιλεῦ,
579 2071 721 2156 δάμασον
735 2074 840 2156 θυμὸν
849 2076 958 2159 μέγαν,
971 2077 1045 2142 οὐδέ
1054 2079 1087 2141 τί
1095 2103 1128 2143 σε
1136 2077 1198 2164 χρή

332 2181 434 2262 νηλεὲς
444 2172 521 2261 ἦτορ
529 2177 617 2259 ἔχειν,
627 2180 769 2262 στρεπτοὶ
783 2178 818 2242 δέ
826 2204 858 2243 τε
872 2182 921 2243 καὶ
933 2183 1002 2246 θεοὶ
1014 2181 1106 2247 αὐτοί
1113 2190 1202 2250 mi.

154 2304 207 2371 De
228 2325 382 2402 responso
405 2300 532 2365 consule
553 2300 743 2366 Homerum.
786 2301 916 2366 Aiacem
938 2307 1019 2390 puto
1041 2305 1201 2386 ulumum,

154 2416 193 2477 ut
213 2409 293 2486 illio,
323 2410 467 2474 locutum
490 2427 568 2472 esse.
613 2405 698 2471 Nam
726 2404 768 2470 ad
787 2406 995 2474 Antilochum
1023 2411 1202 2478 adolescen-

155 2521 222 2582 tem
243 2537 307 2580 non
329 2513 409 2578 bene
431 2513 535 2578 dicere
556 2511 696 2578 Achilles
717 2516 863 2599 poterat:
903 2573 905 2576 ,

155 2815 242 2870 Herm.
267 2820 351 2864 totum
386 2811 471 2861 locum
496 2813 617 2873 mutavit,
650 2827 701 2878 quo
727 2827 778 2862 non
806 2825 960 2878 egemus·
975 2808 1089 2870 Classes,
1109 2822 1198 2863 naves,

157 2901 196 2959 Cf,
218 2904 287 2967 virg.
306 2899 371 2955 Asu.
390 2902 415 2954 2.
434 2900 476 2952 30.
495 2924 528 2934 -
544 2895 664 2948 Fortasse
682 2898 744 2949 Attii
764 2911 854 2947 munus
871 2895 921 2945 fuit
929 2892 1016 2962 frena
1034 2911 1080 2963 pto
1098 2895 1164 2949 velo.

211 3066 214 3072 Ι
244 3005 287 3056 Vl.
310 3003 375 3058 Non.
395 3018 419 3069 p.
439 3002 497 3058 109.
517 3004 560 3056 31.
578 3000 752 3063 Fidelitatem,
769 2998 856 3062 idest,
870 2997 964 3067 fidem.
983 3001 1200 3068 AeeiueMyrmi·

157 3095 282 3147 dontius:
302 3117 370 3130 --·
388 3092 421 3140 sit
440 3117 522 3146 ·--.
553 3091 607 3142 Siet
629 3087 720 3152 scripsi
739 3103 795 3137 eum
816 3085 908 3137 Bothio
925 3087 999 3137 metri
1017 3103 1111 3144 osnes,

246 3199 294 3254 vll.
320 3197 385 3251 Non.
406 3213 430 3265 p.
449 3195 508 3251 262.
529 3198 572 3250 15.
608 3189 776 3262 Corfidentia
799 3203 838 3242 est
846 3189 953 3263 fiducia
969 3218 982 3231 ·
999 3218 1012 3233 ·
1031 3190 1202 3263 Corfidentia

147 3287 263 3338 'rursum
281 3287 413 3337 temeritas
431 3283 546 3335 audacia
565 3308 576 3320 -
597 3304 609 3318 ·
627 3281 721 3329 Accius
739 3279 768 3329 in
787 3278 1009 3362 Myrmidonibus:
1034 3281 1103 3330 iram
1118 3276 1204 3343 infie-

159 3378 210 3438 nie,
227 3395 252 3431 o.
270 3393 305 3436 u,
324 3392 347 3429 r.
366 3388 388 3428 e.
408 3366 538 3435 (infime
549 3383 593 3435 mg
611 3364 631 3422 i.
642 3364 674 3421 Μ.
689 3362 802 3425 {bam
820 3365 968 3429 includant,
978 3364 1070 3436 sienis
1088 3363 1204 3425 obstent,

147 3483 185 3520 ·a.
203 3465 350 3532 reprimant
368 3476 414 3515 ms.
431 3448 529 3519 Fufii.)
565 3452 604 3510 Gi.
623 3455 700 3505 etism
720 3448 750 3508 il.
767 3457 791 3510 9.
810 3456 870 3510 225,

248 3565 308 3618 vul.
334 3565 399 3621 Non.
418 3564 477 3618 4⁷3.
496 3564 521 3618 ⁷.
541 3560 675 3613 tabascor
691 3577 743 3629 pro
761 3560 820 3610 Ιανο
839 3560 888 3627 (lg.
908 3556 991 3623 labo.)
1021 3558 1128 3606 Accius:
1147 3571 1206 3604 non

161 3655 260 3705 nudum
278 3665 316 3704 est
333 3654 466 3720 ingenium
485 3660 601 3712 tantum,
624 3646 706 3720 neque
724 3664 771 3699 eor
783 3659 838 3698 tam
848 3642 958 3715 serum,
978 3641 1057 3710 Quod
1074 3659 1100 3696 n.
1118 3640 1136 3696 l.
1148 3641 1206 3690 Iin-

161 3759 216 3809 gua
234 3742 347 3791 mitiscut
366 3756 398 3794 m.
417 3738 485 3801 (uon
502 3751 554 3793 om.
571 3735 677 3793 L,A1M.
691 3761 723 3772 -
736 3751 798 3785 riam
816 3733 917 3783 nullum
936 3729 1005 3786 1480
1015 3757 1046 3766 -
1057 3747 1112 3778 non
1124 3729 1207 3778 ullum

162 3813 258 3896 princ.)
295 3827 376 3882 serii.
392 3825 466 3882 Voss.
486 3824 561 3876 Bou.
586 3831 675 3876 contre
694 3822 804 3873 Nonium
829 3828 855 3870 et
879 3819 960 3870 libros
978 3815 1145 3867 emendarunt
1164 3815 1207 3863 Ia-

162 3917 254 3968 buscat
276 3916 351 3967 metri
375 3929 461 3969 ceusu.
494 3913 662 3965 Lebsseor
690 3911 787 3976 prisce,
817 3909 949 3960 iuvenitur
971 3905 1047 3955 etism
1071 3919 1111 3968 sp.
1137 3899 1208 3949 Ver-

162 4019 261 4061 rouem.
368 4046 370 4051 ⁴
