2520 4500
91 135 134 205 64
174 210 176 212 ,

92 311 179 396 quod
194 311 314 375 dietum
328 269 454 376 videtur
471 310 510 375 de
524 310 647 376 excidio
661 311 789 379 Troiae.
818 312 901 379 Nem
916 315 1023 393 verba,
1043 325 1130 401 'quse

92 417 162 483 soll.
183 416 297 502 Eurip.
319 415 400 483 Heu.
424 415 489 481 592
510 415 701 482 Welckerus
727 417 790 482 hue
811 420 978 485 transtulit
999 443 1039 486 ex
1061 416 1142 488 Cic.

91 521 376 588 uus0.2.5.13=
462 520 464 524 ’
499 558 501 564 ·

248 629 360 689 Probae
384 633 439 689 elsi
459 636 488 689 ia
512 646 637 710 segetem
660 643 729 689 suut
750 633 918 691 deteriorem
941 633 1029 692 datae
1049 643 1052 648 '

249 737 380 814 Fruges,
405 745 502 792 tamen
523 739 605 817 ipsae
625 751 729 818 suapte
750 750 856 795 natura
878 739 993 798 eniteat.

90 835 187 903 Ennii
209 856 278 899 esse
298 833 417 911 iudico,
449 855 543 918 quem
574 837 700 899 constet
727 835 893 921 Euripidis
919 834 1061 901 fabulum
1082 860 1133 904 eu

91 940 273 1028 gnominem
296 939 495 1025 expressisse.
528 937 579 1006 cf.
613 939 710 1004 Ennii
735 939 850 1025 fragm.
873 939 922 1005 ed.
944 940 1068 1008 Hessel.
1095 967 1129 1031 p.

91 1044 156 1110 242
178 1066 225 1128 sq.
269 1043 368 1121 Illud,
398 1044 485 1129 quod
504 1044 602 1109 Ennii
628 1045 693 1108 iam
715 1044 869 1123 exstabat·
884 1043 1019 1111 Hecuba
1038 1045 1132 1113 Euri-

90 1149 193 1237 pides,
209 1148 390 1235 opinionem
401 1148 573 1226 dissuadet,
588 1148 717 1214 Auium
731 1150 893 1240 imitatum
907 1171 976 1215 esse
987 1153 1132 1222 eundem.

90 1257 198 1325 Locus
220 1252 384 1320 Ciceronis
408 1252 550 1318 inlibris
571 1254 617 1318 iba
644 1254 779 1339 legitur:
808 1260 888 1318 Nam
917 1272 948 1316 ut
973 1267 1044 1340 agri
1072 1283 1133 1321 non

91 1387 189 1424 omues
216 1363 365 1446 frugiferi
402 1379 486 1439 suat,
520 1367 572 1445 qui
602 1364 749 1436 colamur,
778 1363 951 1445 fhlsarnque
987 1364 1061 1423 illud
1096 1389 1132 1425 ac

91 1466 235 1551 improbe:
264 1469 333 1525 Etsi
352 1470 383 1525 iu
404 1488 466 1547 seg.
490 1498 531 1511 —-
552 1502 597 1512 -
618 1470 742 1543 endem,-
772 1471 815 1524 sie
838 1470 929 1524 arsami
949 1487 1009 1526 nore
1033 1489 1132 1528 omnes

91 1572 163 1630 culti
180 1573 318 1648 fructum
336 1571 453 1654 ferunt.
497 1563 564 1646 Qui
586 1587 658 1631 oum
681 1568 852 1651 (tomlpbus
877 1564 1042 1644 videatur,
1055 1568 1131 1632 viri

91 1669 179 1735 docti
208 1657 337 1735 auctore
364 1670 496 1737 Mureto
529 1670 699 1757 legendum
725 1672 929 1735 censuerunt:
954 1675 1131 1756 falsumque

91 1779 165 1839 illud
182 1779 279 1850 Aru'i,·
310 1776 423 1838 Probae
453 1784 523 1849 er.e',·
546 1774 602 1840 sed
624 1773 855 1848 emendandum
882 1773 991 1860 potius
1012 1776 1076 1838 est:
1096 1780 1129 1862 f.

91 1883 166 1941 illud
187 1887 287 1943 Ennii.

506 2111 712 2120 m·—

365 2332 396 2400 Ε
417 2332 455 2400 Χ
478 2330 506 2400 C
528 2331 563 2399 U
583 2332 615 2399 R
637 2329 661 2398 S
683 2331 718 2400 U
739 2329 764 2398 S
807 2331 853 2402 Il.

178 2506 246 2577 cio.
266 2509 306 2575 de
326 2507 640 2578 dirissimum.
676 2516 757 2576 Num
779 2529 807 2572 ee
828 2511 869 2572 ad
880 2510 1006 2595 fabulas
1029 2482 1131 2572 rerem

93 2619 138 2678 vel
158 2633 320 2678 nostrorum
346 2619 391 2678 rel
413 2621 592 2678 Graecorum
610 2616 791 2702 poitarum?
822 2631 925 2676 uarrat
955 2619 1027 2673 em'm
1051 2613 1136 2695 apud

92 2724 219 2780 Ennium
245 2722 377 2782 Vestalis
399 2725 460 2783 illa.

247 2827 356 2885 Exeita
375 2849 439 2885 eum
462 2827 592 2884 tremulis
614 2823 680 2883 cett

88 2922 224 3008 (Versus
236 2923 376 2989 citantur
398 2946 438 2989 ex
460 2921 648 2989 Annalibus.
668 2919 793 2986 Hessel.
815 2943 849 3008 p.
875 2918 970 3004 123.)

91 3033 173 3091 Haee
200 3037 315 3091 etiamsi
328 3035 406 3116 fieta
432 3048 500 3091 sunt
521 3056 539 3092 a
558 3041 645 3117 poeta
673 3053 730 3088 nan
760 3029 868 3089 absunt
896 3040 992 3088 tamen
1013 3047 1034 3084 a
1059 3048 1130 3085 coa-

91 3134 241 3194 suetudiue
268 3141 455 3202 somniorum.
499 3140 544 3199 Sit
572 3159 644 3198 sane
672 3140 758 3197 etiam
788 3133 864 3195 illud
889 3131 1148 3201 commenticium„

91 3255 148 3318 quo
169 3236 305 3299 Priamus
328 3255 371 3299 est
392 3242 595 3303 conturbatus:

249 3345 328 3424 Qur'u
350 3361 442 3404 mater
462 3344 590 3428 gravida
607 3368 716 3432 parere
737 3367 769 3404 se
789 3342 936 3405 ardentem
950 3340 1053 3425 facem

251 3447 326 3508 Visa
347 3452 444 3509 estin
465 3453 575 3509 somnis
595 3449 732 3521 Hecuba;
754 3471 810 3533 quo
823 3447 913 3532 facto
932 3459 1019 3530 pater

246 3552 312 3612 Rea
333 3555 397 3638 ipse
415 3553 569 3624 Priamus,
590 3559 717 3627 somnio,
737 3558 839 3613 mortis
860 3564 936 3610 metu

97 3678 120 3709 ²·
177 3694 179 3698 Δ
246 3659 405 3718 Perculsus
427 3659 505 3716 curis
528 3669 662 3742 sumptus
682 3655 897 3742 suspirantibus

87 3698 136 3843 ᾗ·
247 3762 483 3844 Eesaerrficabat
505 3761 605 3823 bestiis
627 3761 792 3822 balantibus

253 3868 324 3928 Tum
347 3870 536 3927 comestorem
555 3866 709 3951 postulat,
726 3885 831 3948 pacem
849 3874 953 3944 petens

254 3971 293 4033 Ut
315 3993 345 4030 se
366 3971 497 4030 edisseret
519 3968 673 4030 obsecrans
695 3965 861 4087 Aw
