<?xml version="1.0" encoding="UTF-8"?>
<!DOCTYPE html PUBLIC "-//W3C//DTD XHTML 1.0 Transitional//EN"
    "http://www.w3.org/TR/xhtml1/DTD/xhtml1-transitional.dtd">
<html xmlns="http://www.w3.org/1999/xhtml" xml:lang="en" lang="en">
 <head>
  <title>
</title>
<meta http-equiv="Content-Type" content="text/html;charset=utf-8" />
  <meta name='ocr-system' content='tesseract 3.04.00' />
  <meta name='ocr-capabilities' content='ocr_page ocr_carea ocr_par ocr_line ocrx_word'/>
</head>
<body>
  <div class='ocr_page' id='page_1' title='image "./lattiifragmenta00cramgoog_0067.png"; bbox 0 0 2520 4500; ppageno 0'>
   <div class='ocr_carea' id='block_1_1' title="bbox 85 137 1123 486">
    <p class='ocr_par' dir='ltr' id='par_1_1' title="bbox 85 137 1123 486">
     <span class='ocr_line' id='line_1_1' title="bbox 85 137 128 212; baseline 0 0"><span class='ocrx_word' id='word_1_1' title='bbox 85 137 128 212; x_wconf 78' lang='lat' dir='ltr'>hl</span> 
     </span>
     <span class='ocr_line' id='line_1_2' title="bbox 85 304 1123 393; baseline 0.002 -25"><span class='ocrx_word' id='word_1_2' title='bbox 85 305 146 368; x_wconf 86' lang='lat' dir='ltr'>diis</span> <span class='ocrx_word' id='word_1_3' title='bbox 166 305 306 391; x_wconf 87' lang='lat' dir='ltr'>impetus</span> <span class='ocrx_word' id='word_1_4' title='bbox 326 304 440 370; x_wconf 88' lang='lat' dir='ltr'>ulceris</span> <span class='ocrx_word' id='word_1_5' title='bbox 462 306 609 371; x_wconf 88' lang='lat' dir='ltr'>dolorum</span> <span class='ocrx_word' id='word_1_6' title='bbox 638 304 766 370; x_wconf 86' lang='lat' dir='ltr'>videtur</span> <span class='ocrx_word' id='word_1_7' title='bbox 788 307 894 371; x_wconf 85' lang='lat' dir='ltr'>virum</span> <span class='ocrx_word' id='word_1_8' title='bbox 924 307 1123 393; x_wconf 87' lang='lat' dir='ltr'>corripuisse.</span> 
     </span>
     <span class='ocr_line' id='line_1_3' title="bbox 85 410 1123 486; baseline -0.001 -11"><span class='ocrx_word' id='word_1_9' title='bbox 85 410 179 475; x_wconf 83' lang='lat' dir='ltr'>Hunc</span> <span class='ocrx_word' id='word_1_10' title='bbox 201 411 283 474; x_wconf 92' lang='lat' dir='ltr'>enim</span> <span class='ocrx_word' id='word_1_11' title='bbox 299 413 390 474; x_wconf 86' lang='lat' dir='ltr'>extra</span> <span class='ocrx_word' id='word_1_12' title='bbox 405 410 537 476; x_wconf 91' lang='lat' dir='ltr'>dubium</span> <span class='ocrx_word' id='word_1_13' title='bbox 551 411 748 486; x_wconf 72' lang='lat' dir='ltr'>Philoctetes</span> <span class='ocrx_word' id='word_1_14' title='bbox 768 411 1026 477; x_wconf 87' lang='lat' dir='ltr'>lamentationem</span> <span class='ocrx_word' id='word_1_15' title='bbox 1041 411 1123 476; x_wconf 86' lang='lat' dir='ltr'>edit:</span> 
     </span>
    </p>
   </div>
   <div class='ocr_carea' id='block_1_2' title="bbox 20 514 902 687">
    <p class='ocr_par' dir='ltr' id='par_1_2' title="bbox 20 514 902 687">
     <span class='ocr_line' id='line_1_4' title="bbox 20 514 902 601; baseline -0.001 -20"><span class='ocrx_word' id='word_1_16' title='bbox 20 514 82 582; x_wconf 83' lang='lat'>120</span> <span class='ocrx_word' id='word_1_17' title='bbox 170 515 271 581; x_wconf 88' lang='lat' dir='ltr'>XXI.</span> <span class='ocrx_word' id='word_1_18' title='bbox 302 515 377 581; x_wconf 86' lang='lat' dir='ltr'>Heu</span> <span class='ocrx_word' id='word_1_19' title='bbox 401 516 472 601; x_wconf 84' lang='lat' dir='ltr'>quis</span> <span class='ocrx_word' id='word_1_20' title='bbox 494 517 584 581; x_wconf 80' lang='lat' dir='ltr'>salsis</span> <span class='ocrx_word' id='word_1_21' title='bbox 607 516 749 581; x_wconf 86' lang='lat' dir='ltr'>fluctibu’</span> <span class='ocrx_word' id='word_1_22' title='bbox 773 515 902 580; x_wconf 84' lang='lat' dir='ltr'>mandet</span> 
     </span>
     <span class='ocr_line' id='line_1_5' title="bbox 240 620 739 687; baseline -0.004 0"><span class='ocrx_word' id='word_1_23' title='bbox 240 621 298 687; x_wconf 90' lang='lat' dir='ltr'>Me</span> <span class='ocrx_word' id='word_1_24' title='bbox 320 643 360 685; x_wconf 86' lang='lat' dir='ltr'>ex</span> <span class='ocrx_word' id='word_1_25' title='bbox 382 620 509 685; x_wconf 74' lang='lat' dir='ltr'>sublimi</span> <span class='ocrx_word' id='word_1_26' title='bbox 530 621 648 686; x_wconf 85' lang='lat' dir='ltr'>vertice</span> <span class='ocrx_word' id='word_1_27' title='bbox 670 622 739 685; x_wconf 85' lang='lat' dir='ltr'>saxi</span> 
     </span>
    </p>
   </div>
   <div class='ocr_carea' id='block_1_3' title="bbox 84 724 1126 1128">
    <p class='ocr_par' dir='ltr' id='par_1_3' title="bbox 240 724 874 797">
     <span class='ocr_line' id='line_1_6' title="bbox 240 724 874 797; baseline -0.011 0"><span class='ocrx_word' id='word_1_28' title='bbox 240 724 374 797; x_wconf 64' lang='lat' dir='ltr'>Ioniam</span> <span class='ocrx_word' id='word_1_29' title='bbox 397 726 564 793; x_wconf 73' lang='lat' dir='ltr'>hbsumorr</span> <span class='ocrx_word' id='word_1_30' title='bbox 587 725 717 792; x_wconf 76' lang='lat' dir='ltr'>conficit</span> <span class='ocrx_word' id='word_1_31' title='bbox 738 727 874 790; x_wconf 80' lang='lat' dir='ltr'>animam</span> 
     </span>
    </p>

    <p class='ocr_par' dir='ltr' id='par_1_4' title="bbox 84 829 1126 1128">
     <span class='ocr_line' id='line_1_7' title="bbox 241 829 906 897; baseline -0.005 0"><span class='ocrx_word' id='word_1_32' title='bbox 241 830 301 897; x_wconf 90' lang='lat' dir='ltr'>Vis</span> <span class='ocrx_word' id='word_1_33' title='bbox 323 831 459 896; x_wconf 78' lang='lat' dir='ltr'>volneris</span> <span class='ocrx_word' id='word_1_34' title='bbox 481 830 596 896; x_wconf 87' lang='lat' dir='ltr'>ulceris</span> <span class='ocrx_word' id='word_1_35' title='bbox 619 829 736 896; x_wconf 74' lang='lat' dir='ltr'>aestus.</span> <span class='ocrx_word' id='word_1_36' title='bbox 904 830 906 835; x_wconf 77' lang='grc'>’</span> 
     </span>
     <span class='ocr_line' id='line_1_8' title="bbox 84 931 1126 1023; baseline -0.002 -22"><span class='ocrx_word' id='word_1_37' title='bbox 84 931 176 1001; x_wconf 86' lang='lat' dir='ltr'>Idem</span> <span class='ocrx_word' id='word_1_38' title='bbox 197 940 369 1023; x_wconf 81' lang='lat' dir='ltr'>postquam</span> <span class='ocrx_word' id='word_1_39' title='bbox 391 935 521 1002; x_wconf 84' lang='lat' dir='ltr'><strong>Ulixem</strong></span> <span class='ocrx_word' id='word_1_40' title='bbox 550 937 681 1022; x_wconf 85' lang='lat' dir='ltr'>agnovit</span> <span class='ocrx_word' id='word_1_41' title='bbox 703 935 819 1001; x_wconf 84' lang='lat' dir='ltr'>obnixe</span> <span class='ocrx_word' id='word_1_42' title='bbox 841 934 907 1000; x_wconf 87' lang='lat' dir='ltr'>eius</span> <span class='ocrx_word' id='word_1_43' title='bbox 929 934 1126 1021; x_wconf 77' lang='lat' dir='ltr'>oogItationi-</span> 
     </span>
     <span class='ocr_line' id='line_1_9' title="bbox 85 1040 795 1128; baseline -0.003 -22"><span class='ocrx_word' id='word_1_44' title='bbox 85 1040 145 1106; x_wconf 85' lang='lat' dir='ltr'>bus</span> <span class='ocrx_word' id='word_1_45' title='bbox 166 1040 343 1106; x_wconf 80' lang='lat' dir='ltr'>reluctatur</span> <span class='ocrx_word' id='word_1_46' title='bbox 364 1042 485 1128; x_wconf 84' lang='lat' dir='ltr'>primo3</span> <span class='ocrx_word' id='word_1_47' title='bbox 510 1041 631 1105; x_wconf 86' lang='lat' dir='ltr'>mavult</span> <span class='ocrx_word' id='word_1_48' title='bbox 652 1041 686 1105; x_wconf 90' lang='lat' dir='ltr'>in</span> <span class='ocrx_word' id='word_1_49' title='bbox 707 1045 795 1106; x_wconf 86' lang='lat' dir='ltr'>terra</span> 
     </span>
    </p>
   </div>
   <div class='ocr_carea' id='block_1_4' title="bbox 20 1140 1127 1865">
    <p class='ocr_par' dir='ltr' id='par_1_5' title="bbox 20 1140 1127 1865">
     <span class='ocr_line' id='line_1_10' title="bbox 20 1140 1126 1231; baseline -0.007 -13"><span class='ocrx_word' id='word_1_50' title='bbox 20 1149 79 1218; x_wconf 83' lang='lat'>121</span> <span class='ocrx_word' id='word_1_51' title='bbox 172 1147 290 1215; x_wconf 88' lang='lat' dir='ltr'>XXII.</span> <span class='ocrx_word' id='word_1_52' title='bbox 321 1142 389 1211; x_wconf 83' lang='lat' dir='ltr'>Sub</span> <span class='ocrx_word' id='word_1_53' title='bbox 404 1147 466 1210; x_wconf 75' lang='lat' dir='ltr'>rixe</span> <span class='ocrx_word' id='word_1_54' title='bbox 480 1143 586 1231; x_wconf 87' lang='lat' dir='ltr'>posita</span> <span class='ocrx_word' id='word_1_55' title='bbox 600 1140 642 1209; x_wconf 83' lang='lat' dir='ltr'>ad</span> <span class='ocrx_word' id='word_1_56' title='bbox 656 1145 763 1210; x_wconf 71' lang='lat' dir='ltr'>stelles</span> <span class='ocrx_word' id='word_1_57' title='bbox 778 1146 909 1231; x_wconf 89' lang='lat' dir='ltr'>septem,</span> <span class='ocrx_word' id='word_1_58' title='bbox 926 1143 981 1209; x_wconf 92' lang='lat' dir='ltr'>ubi</span> <span class='ocrx_word' id='word_1_59' title='bbox 991 1143 1126 1210; x_wconf 77' lang='lat' dir='ltr'>horrifer</span> 
     </span>
     <span class='ocr_line' id='line_1_11' title="bbox 242 1245 964 1336; baseline -0.004 -20"><span class='ocrx_word' id='word_1_60' title='bbox 242 1251 408 1336; x_wconf 82' lang='lat' dir='ltr'>Aquilhnis</span> <span class='ocrx_word' id='word_1_61' title='bbox 431 1251 551 1315; x_wconf 88' lang='lat' dir='ltr'>stridor</span> <span class='ocrx_word' id='word_1_62' title='bbox 572 1245 693 1336; x_wconf 74' lang='lat' dir='ltr'>gelidas</span> <span class='ocrx_word' id='word_1_63' title='bbox 716 1250 846 1317; x_wconf 85' lang='lat' dir='ltr'>molithr</span> <span class='ocrx_word' id='word_1_64' title='bbox 867 1251 964 1327; x_wconf 85' lang='lat' dir='ltr'>nives,</span> 
     </span>
     <span class='ocr_line' id='line_1_12' title="bbox 87 1353 1127 1443; baseline 0 -22"><span class='ocrx_word' id='word_1_65' title='bbox 87 1360 224 1422; x_wconf 90' lang='lat' dir='ltr'>mortem</span> <span class='ocrx_word' id='word_1_66' title='bbox 245 1360 406 1443; x_wconf 88' lang='lat' dir='ltr'>oppetere,</span> <span class='ocrx_word' id='word_1_67' title='bbox 430 1378 525 1441; x_wconf 89' lang='lat' dir='ltr'>quam</span> <span class='ocrx_word' id='word_1_68' title='bbox 539 1355 582 1419; x_wconf 87' lang='lat' dir='ltr'>ad</span> <span class='ocrx_word' id='word_1_69' title='bbox 597 1353 740 1421; x_wconf 85' lang='lat' dir='ltr'>Graecos</span> <span class='ocrx_word' id='word_1_70' title='bbox 755 1354 921 1442; x_wconf 82' lang='lat' dir='ltr'>proficisci.</span> <span class='ocrx_word' id='word_1_71' title='bbox 956 1355 1127 1421; x_wconf 91' lang='lat' dir='ltr'>Postremo</span> 
     </span>
     <span class='ocr_line' id='line_1_13' title="bbox 86 1458 1127 1547; baseline -0.004 -20"><span class='ocrx_word' id='word_1_72' title='bbox 86 1469 194 1536; x_wconf 84' lang='lat' dir='ltr'>tamen</span> <span class='ocrx_word' id='word_1_73' title='bbox 222 1461 368 1547; x_wconf 83' lang='lat' dir='ltr'>precibus</span> <span class='ocrx_word' id='word_1_74' title='bbox 401 1458 727 1547; x_wconf 86' lang='lat' dir='ltr'>promissionibusque</span> <span class='ocrx_word' id='word_1_75' title='bbox 752 1459 858 1525; x_wconf 82' lang='lat' dir='ltr'>Ulixis</span> <span class='ocrx_word' id='word_1_76' title='bbox 891 1461 924 1524; x_wconf 96' lang='lat' dir='ltr'>et</span> <span class='ocrx_word' id='word_1_77' title='bbox 955 1459 1046 1524; x_wconf 85' lang='lat' dir='ltr'>chori</span> <span class='ocrx_word' id='word_1_78' title='bbox 1074 1461 1127 1524; x_wconf 88' lang='lat' dir='ltr'>ad-</span> 
     </span>
     <span class='ocr_line' id='line_1_14' title="bbox 87 1565 1127 1653; baseline -0.001 -22"><span class='ocrx_word' id='word_1_79' title='bbox 87 1565 312 1632; x_wconf 89' lang='lat' dir='ltr'>monitionibus</span> <span class='ocrx_word' id='word_1_80' title='bbox 328 1566 472 1653; x_wconf 85' lang='lat' dir='ltr'>placatus</span> <span class='ocrx_word' id='word_1_81' title='bbox 487 1566 528 1630; x_wconf 85' lang='lat' dir='ltr'>ad</span> <span class='ocrx_word' id='word_1_82' title='bbox 542 1566 739 1652; x_wconf 85' lang='lat' dir='ltr'>Argivorum</span> <span class='ocrx_word' id='word_1_83' title='bbox 755 1566 950 1631; x_wconf 86' lang='lat' dir='ltr'>conditiones</span> <span class='ocrx_word' id='word_1_84' title='bbox 965 1565 1127 1630; x_wconf 87' lang='lat' dir='ltr'>descendit</span> 
     </span>
     <span class='ocr_line' id='line_1_15' title="bbox 87 1668 1127 1758; baseline -0.003 -21"><span class='ocrx_word' id='word_1_85' title='bbox 87 1676 183 1758; x_wconf 84' lang='lat' dir='ltr'>atque</span> <span class='ocrx_word' id='word_1_86' title='bbox 210 1675 348 1736; x_wconf 86' lang='lat' dir='ltr'>mentem</span> <span class='ocrx_word' id='word_1_87' title='bbox 378 1671 419 1734; x_wconf 88' lang='lat' dir='ltr'>ad</span> <span class='ocrx_word' id='word_1_88' title='bbox 439 1670 670 1757; x_wconf 84' lang='lat' dir='ltr'>profectionem</span> <span class='ocrx_word' id='word_1_89' title='bbox 696 1670 836 1756; x_wconf 83' lang='lat' dir='ltr'>adpellit.</span> <span class='ocrx_word' id='word_1_90' title='bbox 882 1668 1042 1747; x_wconf 66' lang='lat' dir='ltr'>(iberum,</span> <span class='ocrx_word' id='word_1_91' title='bbox 1072 1671 1127 1755; x_wconf 92' lang='lat' dir='ltr'>qui</span> 
     </span>
     <span class='ocr_line' id='line_1_16' title="bbox 87 1775 723 1865; baseline -0.008 -23"><span class='ocrx_word' id='word_1_92' title='bbox 87 1776 284 1865; x_wconf 75' lang='lat' dir='ltr'>abducturus</span> <span class='ocrx_word' id='word_1_93' title='bbox 305 1779 355 1841; x_wconf 87' lang='lat' dir='ltr'>est</span> <span class='ocrx_word' id='word_1_94' title='bbox 377 1795 466 1851; x_wconf 89' lang='lat' dir='ltr'>eum,</span> <span class='ocrx_word' id='word_1_95' title='bbox 489 1776 535 1839; x_wconf 87' lang='lat' dir='ltr'>ita</span> <span class='ocrx_word' id='word_1_96' title='bbox 556 1775 723 1838; x_wconf 88' lang='lat' dir='ltr'>admonet:</span> 
     </span>
    </p>
   </div>
   <div class='ocr_carea' id='block_1_5' title="bbox 23 1843 1124 2076">
    <p class='ocr_par' dir='ltr' id='par_1_6' title="bbox 23 1843 1124 2076">
     <span class='ocr_line' id='line_1_17' title="bbox 23 1843 1124 1969; baseline -0.005 -19"><span class='ocrx_word' id='word_1_97' title='bbox 23 1896 96 1969; x_wconf 23' lang='lat'><strong>122·</strong></span> <span class='ocrx_word' id='word_1_98' title='bbox 174 1878 309 1946; x_wconf 78' lang='lat' dir='ltr'>xxm,</span> <span class='ocrx_word' id='word_1_99' title='bbox 342 1878 464 1965; x_wconf 82' lang='lat' dir='ltr'>‘Agite,</span> <span class='ocrx_word' id='word_1_100' title='bbox 569 1877 684 1942; x_wconf 86' lang='lat' dir='ltr'>vulnus</span> <span class='ocrx_word' id='word_1_101' title='bbox 717 1878 768 1943; x_wconf 85' lang='lat' dir='ltr'>nel</span> <span class='ocrx_word' id='word_1_102' title='bbox 790 1883 953 1946; x_wconf 86' lang='lat' dir='ltr'>succusset</span> <span class='ocrx_word' id='word_1_103' title='bbox 988 1843 1124 1967; x_wconf 74' lang='lat' dir='ltr'>gressus,</span> 
     </span>
     <span class='ocr_line' id='line_1_18' title="bbox 401 1979 724 2076; baseline -0.006 -27"><span class='ocrx_word' id='word_1_104' title='bbox 401 1984 494 2049; x_wconf 79' lang='lat' dir='ltr'>caute</span> <span class='ocrx_word' id='word_1_105' title='bbox 546 1979 724 2076; x_wconf 66' lang='lat' dir='ltr'>gredimini.</span> 
     </span>
    </p>
   </div>
   <div class='ocr_carea' id='block_1_6' title="bbox 87 2153 395 2164">
    <p class='ocr_par' dir='ltr' id='par_1_7' title="bbox 87 2153 395 2164">
     <span class='ocr_line' id='line_1_19' title="bbox 87 2153 395 2164; baseline 0 0"><span class='ocrx_word' id='word_1_106' title='bbox 87 2153 395 2164; x_wconf 76' lang='lat'>—-—-————</span> 
     </span>
    </p>
   </div>
   <div class='ocr_carea' id='block_1_7' title="bbox 81 2243 1131 3709">
    <p class='ocr_par' dir='ltr' id='par_1_8' title="bbox 88 2243 1126 2403">
     <span class='ocr_line' id='line_1_20' title="bbox 173 2243 1126 2320; baseline 0 -23"><span class='ocrx_word' id='word_1_107' title='bbox 173 2244 238 2298; x_wconf 81' lang='lat' dir='ltr'>xxl.</span> <span class='ocrx_word' id='word_1_108' title='bbox 261 2245 313 2302; x_wconf 82' lang='lat' dir='ltr'>cic.</span> <span class='ocrx_word' id='word_1_109' title='bbox 332 2243 404 2303; x_wconf 83' lang='lat' dir='ltr'>Tusc.</span> <span class='ocrx_word' id='word_1_110' title='bbox 424 2250 492 2303; x_wconf 66' lang='grc' dir='ltr'>Η.</span> <span class='ocrx_word' id='word_1_111' title='bbox 511 2248 543 2302; x_wconf 85' lang='lat'>19</span> <span class='ocrx_word' id='word_1_112' title='bbox 571 2247 617 2312; x_wconf 83' lang='lat' dir='ltr'>(cf.</span> <span class='ocrx_word' id='word_1_113' title='bbox 634 2246 664 2303; x_wconf 81' lang='lat' dir='ltr'>fr.</span> <span class='ocrx_word' id='word_1_114' title='bbox 689 2245 745 2311; x_wconf 79' lang='lat' dir='ltr'>lx.)</span> <span class='ocrx_word' id='word_1_115' title='bbox 769 2249 861 2320; x_wconf 78' lang='lat' dir='ltr'>ltaque</span> <span class='ocrx_word' id='word_1_116' title='bbox 885 2247 1013 2299; x_wconf 72' lang='lat' dir='ltr'>exclamat</span> <span class='ocrx_word' id='word_1_117' title='bbox 1038 2245 1126 2314; x_wconf 80' lang='lat' dir='ltr'>(Phil.)</span> 
     </span>
     <span class='ocr_line' id='line_1_21' title="bbox 88 2331 1006 2403; baseline 0 -17"><span class='ocrx_word' id='word_1_118' title='bbox 88 2335 213 2386; x_wconf 76' lang='lat' dir='ltr'>auxilium</span> <span class='ocrx_word' id='word_1_119' title='bbox 231 2345 364 2402; x_wconf 71' lang='lat' dir='ltr'>expetens,</span> <span class='ocrx_word' id='word_1_120' title='bbox 383 2336 454 2384; x_wconf 89' lang='lat' dir='ltr'>mori</span> <span class='ocrx_word' id='word_1_121' title='bbox 471 2336 591 2403; x_wconf 88' lang='lat' dir='ltr'>cupiens:</span> <span class='ocrx_word' id='word_1_122' title='bbox 609 2361 678 2372; x_wconf 90' lang='lat'>--</span> <span class='ocrx_word' id='word_1_123' title='bbox 697 2331 821 2401; x_wconf 82' lang='lat' dir='ltr'>(sublimo</span> <span class='ocrx_word' id='word_1_124' title='bbox 840 2333 913 2388; x_wconf 81' lang='lat' dir='ltr'>codd.</span> <span class='ocrx_word' id='word_1_125' title='bbox 934 2332 1006 2403; x_wconf 86' lang='lat' dir='ltr'>aliq.)</span> 
     </span>
    </p>

    <p class='ocr_par' dir='ltr' id='par_1_9' title="bbox 81 2415 1131 3448">
     <span class='ocr_line' id='line_1_22' title="bbox 175 2415 1127 2490; baseline -0.001 -18"><span class='ocrx_word' id='word_1_126' title='bbox 175 2415 249 2477; x_wconf 81' lang='lat' dir='ltr'>Xllll.</span> <span class='ocrx_word' id='word_1_127' title='bbox 275 2416 381 2488; x_wconf 79' lang='lat' dir='ltr'>interpr.</span> <span class='ocrx_word' id='word_1_128' title='bbox 393 2419 452 2474; x_wconf 83' lang='lat' dir='ltr'>Maii</span> <span class='ocrx_word' id='word_1_129' title='bbox 465 2420 497 2474; x_wconf 82' lang='lat' dir='ltr'>ad</span> <span class='ocrx_word' id='word_1_130' title='bbox 507 2416 638 2490; x_wconf 74' lang='lat' dir='ltr'>Virg.he.</span> <span class='ocrx_word' id='word_1_131' title='bbox 649 2423 676 2477; x_wconf 84' lang='lat'>8.</span> <span class='ocrx_word' id='word_1_132' title='bbox 689 2423 732 2476; x_wconf 80' lang='lat'>28.</span> <span class='ocrx_word' id='word_1_133' title='bbox 756 2421 808 2475; x_wconf 84' lang='lat' dir='ltr'>Sub</span> <span class='ocrx_word' id='word_1_134' title='bbox 824 2418 1005 2484; x_wconf 70' lang='lat' dir='ltr'>aetherium,</span> <span class='ocrx_word' id='word_1_135' title='bbox 1019 2421 1065 2473; x_wconf 80' lang='lat' dir='ltr'>suh</span> <span class='ocrx_word' id='word_1_136' title='bbox 1078 2421 1127 2472; x_wconf 86' lang='lat' dir='ltr'>deo</span> 
     </span>
     <span class='ocr_line' id='line_1_23' title="bbox 90 2507 1128 2577; baseline -0.002 -18"><span class='ocrx_word' id='word_1_137' title='bbox 90 2508 172 2572; x_wconf 80' lang='lat' dir='ltr'>(dr&#39;o).</span> <span class='ocrx_word' id='word_1_138' title='bbox 187 2511 280 2558; x_wconf 81' lang='lat' dir='ltr'>Accius</span> <span class='ocrx_word' id='word_1_139' title='bbox 293 2513 321 2560; x_wconf 82' lang='lat' dir='ltr'>in</span> <span class='ocrx_word' id='word_1_140' title='bbox 341 2510 499 2561; x_wconf 78' lang='lat' dir='ltr'>Philocteta:</span> <span class='ocrx_word' id='word_1_141' title='bbox 518 2511 563 2560; x_wconf 85' lang='lat' dir='ltr'>sut</span> <span class='ocrx_word' id='word_1_142' title='bbox 582 2529 630 2561; x_wconf 80' lang='lat' dir='ltr'>axe</span> <span class='ocrx_word' id='word_1_143' title='bbox 640 2513 754 2577; x_wconf 75' lang='lat' dir='ltr'>positum</span> <span class='ocrx_word' id='word_1_144' title='bbox 770 2507 979 2560; x_wconf 75' lang='lat' dir='ltr'>undaehorridus</span> <span class='ocrx_word' id='word_1_145' title='bbox 996 2517 1028 2565; x_wconf 76' lang='lat' dir='ltr'>A,</span> <span class='ocrx_word' id='word_1_146' title='bbox 1047 2521 1081 2565; x_wconf 82' lang='lat' dir='ltr'>st.</span> <span class='ocrx_word' id='word_1_147' title='bbox 1100 2524 1128 2576; x_wconf 75' lang='lat' dir='ltr'>g,</span> 
     </span>
     <span class='ocr_line' id='line_1_24' title="bbox 85 2595 1128 2664; baseline -0.004 -18"><span class='ocrx_word' id='word_1_148' title='bbox 85 2614 121 2652; x_wconf 76' lang='lat' dir='ltr'>rra</span> <span class='ocrx_word' id='word_1_149' title='bbox 136 2617 162 2652; x_wconf 87' lang='lat' dir='ltr'>n.</span> <span class='ocrx_word' id='word_1_150' title='bbox 181 2595 217 2650; x_wconf 76' lang='lat' dir='ltr'>ll.</span> <span class='ocrx_word' id='word_1_151' title='bbox 230 2596 260 2652; x_wconf 82' lang='lat' dir='ltr'>fr.</span> <span class='ocrx_word' id='word_1_152' title='bbox 273 2607 314 2664; x_wconf 72' lang='lat' dir='ltr'>ip.</span> <span class='ocrx_word' id='word_1_153' title='bbox 332 2595 386 2651; x_wconf 82' lang='lat' dir='ltr'>Cic.</span> <span class='ocrx_word' id='word_1_154' title='bbox 401 2597 473 2652; x_wconf 85' lang='lat' dir='ltr'>Tosc.</span> <span class='ocrx_word' id='word_1_155' title='bbox 488 2601 511 2654; x_wconf 87' lang='lat'>1.</span> <span class='ocrx_word' id='word_1_156' title='bbox 523 2600 564 2653; x_wconf 82' lang='lat'>28.</span> <span class='ocrx_word' id='word_1_157' title='bbox 574 2598 618 2654; x_wconf 85' lang='grc'>68.</span> <span class='ocrx_word' id='word_1_158' title='bbox 641 2600 761 2662; x_wconf 64' lang='lat' dir='ltr'>pruma</span> <span class='ocrx_word' id='word_1_159' title='bbox 779 2597 866 2647; x_wconf 78' lang='lat' dir='ltr'>altera</span> <span class='ocrx_word' id='word_1_160' title='bbox 883 2596 942 2657; x_wconf 84' lang='lat' dir='ltr'>(ora</span> <span class='ocrx_word' id='word_1_161' title='bbox 953 2595 1037 2662; x_wconf 72' lang='lat' dir='ltr'>globi]</span> <span class='ocrx_word' id='word_1_162' title='bbox 1048 2611 1128 2663; x_wconf 85' lang='lat' dir='ltr'>quam</span> 
     </span>
     <span class='ocr_line' id='line_1_25' title="bbox 88 2677 1127 2754; baseline -0.007 -21"><span class='ocrx_word' id='word_1_163' title='bbox 88 2700 136 2733; x_wconf 78' lang='lat' dir='ltr'>nos</span> <span class='ocrx_word' id='word_1_164' title='bbox 156 2685 305 2746; x_wconf 84' lang='lat' dir='ltr'>incolimus,</span> <span class='ocrx_word' id='word_1_165' title='bbox 329 2684 375 2734; x_wconf 80' lang='lat' dir='ltr'>suh</span> <span class='ocrx_word' id='word_1_166' title='bbox 401 2703 450 2735; x_wconf 79' lang='lat' dir='ltr'>axe</span> <span class='ocrx_word' id='word_1_167' title='bbox 471 2687 560 2754; x_wconf 81' lang='lat' dir='ltr'>posita</span> <span class='ocrx_word' id='word_1_168' title='bbox 579 2683 616 2734; x_wconf 84' lang='lat' dir='ltr'>ad</span> <span class='ocrx_word' id='word_1_169' title='bbox 637 2684 726 2733; x_wconf 62' lang='lat' dir='ltr'>suenus</span> <span class='ocrx_word' id='word_1_170' title='bbox 751 2694 845 2750; x_wconf 79' lang='lat' dir='ltr'>septem</span> <span class='ocrx_word' id='word_1_171' title='bbox 864 2681 932 2730; x_wconf 88' lang='lat' dir='ltr'>unde</span> <span class='ocrx_word' id='word_1_172' title='bbox 959 2677 1077 2746; x_wconf 67' lang='lat' dir='ltr'>horrrjir</span> <span class='ocrx_word' id='word_1_173' title='bbox 1096 2685 1127 2732; x_wconf 83' lang='grc' dir='ltr'>Α.</span> 
     </span>
     <span class='ocr_line' id='line_1_26' title="bbox 88 2763 1127 2836; baseline -0.008 -16"><span class='ocrx_word' id='word_1_174' title='bbox 88 2781 120 2826; x_wconf 77' lang='lat' dir='ltr'>st.</span> <span class='ocrx_word' id='word_1_175' title='bbox 137 2787 165 2836; x_wconf 78' lang='lat' dir='ltr'>g.</span> <span class='ocrx_word' id='word_1_176' title='bbox 187 2785 220 2824; x_wconf 89' lang='lat' dir='ltr'>m.</span> <span class='ocrx_word' id='word_1_177' title='bbox 246 2787 289 2823; x_wconf 88' lang='lat' dir='ltr'>n..·</span> <span class='ocrx_word' id='word_1_178' title='bbox 315 2771 400 2820; x_wconf 77' lang='lat' dir='ltr'>ultera</span> <span class='ocrx_word' id='word_1_179' title='bbox 429 2770 559 2821; x_wconf 81' lang='lat' dir='ltr'>Australis</span> <span class='ocrx_word' id='word_1_180' title='bbox 584 2776 643 2822; x_wconf 76' lang='lat' dir='ltr'>cett.</span> <span class='ocrx_word' id='word_1_181' title='bbox 668 2767 733 2821; x_wconf 84' lang='lat' dir='ltr'>Non.</span> <span class='ocrx_word' id='word_1_182' title='bbox 757 2782 781 2831; x_wconf 90' lang='lat' dir='ltr'>p.</span> <span class='ocrx_word' id='word_1_183' title='bbox 806 2768 868 2820; x_wconf 78' lang='lat'>346.</span> <span class='ocrx_word' id='word_1_184' title='bbox 893 2769 934 2821; x_wconf 79' lang='lat'>18.</span> <span class='ocrx_word' id='word_1_185' title='bbox 972 2763 1066 2814; x_wconf 80' lang='lat' dir='ltr'>Moliri</span> <span class='ocrx_word' id='word_1_186' title='bbox 1089 2775 1127 2812; x_wconf 78' lang='lat' dir='ltr'>est</span> 
     </span>
     <span class='ocr_line' id='line_1_27' title="bbox 81 2839 1127 2927; baseline -0.011 -19"><span class='ocrx_word' id='word_1_187' title='bbox 81 2852 177 2927; x_wconf 83' lang='lat' dir='ltr'>fucere</span> <span class='ocrx_word' id='word_1_188' title='bbox 196 2886 210 2898; x_wconf 93' lang='lat'>-</span> <span class='ocrx_word' id='word_1_189' title='bbox 229 2885 244 2897; x_wconf 92' lang='lat'>-</span> <span class='ocrx_word' id='word_1_190' title='bbox 264 2852 354 2905; x_wconf 79' lang='lat' dir='ltr'>Moliri</span> <span class='ocrx_word' id='word_1_191' title='bbox 371 2839 503 2905; x_wconf 70' lang='lat' dir='ltr'>exstruere</span> <span class='ocrx_word' id='word_1_192' title='bbox 521 2852 618 2902; x_wconf 73' lang='lat' dir='ltr'>dicium</span> <span class='ocrx_word' id='word_1_193' title='bbox 637 2869 653 2901; x_wconf 87' lang='lat' dir='ltr'><strong><em>a</em></strong></span> <span class='ocrx_word' id='word_1_194' title='bbox 672 2851 788 2904; x_wconf 81' lang='lat' dir='ltr'>molibus.</span> <span class='ocrx_word' id='word_1_195' title='bbox 806 2879 822 2890; x_wconf 96' lang='lat'>-</span> <span class='ocrx_word' id='word_1_196' title='bbox 840 2879 855 2890; x_wconf 94' lang='lat'><em>-</em></span> <span class='ocrx_word' id='word_1_197' title='bbox 875 2852 968 2900; x_wconf 79' lang='lat' dir='ltr'>Accius</span> <span class='ocrx_word' id='word_1_198' title='bbox 987 2848 1127 2902; x_wconf 74' lang='lat' dir='ltr'>Frioetete:</span> 
     </span>
     <span class='ocr_line' id='line_1_28' title="bbox 89 2933 1129 3013; baseline -0.011 -18"><span class='ocrx_word' id='word_1_199' title='bbox 89 2944 134 2996; x_wconf 84' lang='lat' dir='ltr'>uhi</span> <span class='ocrx_word' id='word_1_200' title='bbox 148 2939 266 3012; x_wconf 76' lang='lat' dir='ltr'>horrifer</span> <span class='ocrx_word' id='word_1_201' title='bbox 283 2943 421 3013; x_wconf 77' lang='lat' dir='ltr'>aequisoni</span> <span class='ocrx_word' id='word_1_202' title='bbox 439 2936 545 2989; x_wconf 74' lang='lat' dir='ltr'>stridor</span> <span class='ocrx_word' id='word_1_203' title='bbox 567 2951 594 3006; x_wconf 74' lang='lat' dir='ltr'>g.</span> <span class='ocrx_word' id='word_1_204' title='bbox 612 2954 645 2991; x_wconf 88' lang='lat' dir='ltr'>m.</span> <span class='ocrx_word' id='word_1_205' title='bbox 662 2953 689 2992; x_wconf 82' lang='lat' dir='ltr'>re.</span> <span class='ocrx_word' id='word_1_206' title='bbox 707 2933 855 3008; x_wconf 65' lang='lat' dir='ltr'>(filosntar</span> <span class='ocrx_word' id='word_1_207' title='bbox 874 2935 919 2987; x_wconf 86' lang='lat' dir='ltr'>uhi</span> <span class='ocrx_word' id='word_1_208' title='bbox 934 2933 1022 2986; x_wconf 87' lang='lat' dir='ltr'>horris</span> <span class='ocrx_word' id='word_1_209' title='bbox 1041 2946 1129 2985; x_wconf 77' lang='lat' dir='ltr'>terrae</span> 
     </span>
     <span class='ocr_line' id='line_1_29' title="bbox 89 3021 1131 3105; baseline -0.008 -23"><span class='ocrx_word' id='word_1_210' title='bbox 89 3034 137 3105; x_wconf 87' lang='lat' dir='ltr'>qui</span> <span class='ocrx_word' id='word_1_211' title='bbox 152 3033 213 3082; x_wconf 76' lang='lat' dir='ltr'>soni</span> <span class='ocrx_word' id='word_1_212' title='bbox 226 3028 327 3080; x_wconf 83' lang='lat' dir='ltr'>stridor</span> <span class='ocrx_word' id='word_1_213' title='bbox 345 3028 375 3085; x_wconf 83' lang='lat' dir='ltr'>B.</span> <span class='ocrx_word' id='word_1_214' title='bbox 395 3056 427 3065; x_wconf 92' lang='lat'>-</span> <span class='ocrx_word' id='word_1_215' title='bbox 446 3026 565 3096; x_wconf 77' lang='lat' dir='ltr'>horrifer</span> <span class='ocrx_word' id='word_1_216' title='bbox 582 3027 703 3096; x_wconf 82' lang='lat' dir='ltr'>equisoni</span> <span class='ocrx_word' id='word_1_217' title='bbox 717 3039 759 3091; x_wconf 84' lang='lat' dir='ltr'>mg</span> <span class='ocrx_word' id='word_1_218' title='bbox 776 3021 795 3078; x_wconf 87' lang='lat'>1.</span> <span class='ocrx_word' id='word_1_219' title='bbox 814 3050 846 3062; x_wconf 90' lang='lat'><em>-</em></span> <span class='ocrx_word' id='word_1_220' title='bbox 866 3021 1014 3091; x_wconf 71' lang='lat' dir='ltr'>horriferas</span> <span class='ocrx_word' id='word_1_221' title='bbox 1032 3033 1056 3072; x_wconf 80' lang='lat' dir='ltr'>et</span> <span class='ocrx_word' id='word_1_222' title='bbox 1068 3025 1131 3074; x_wconf 81' lang='lat' dir='ltr'>soni</span> 
     </span>
     <span class='ocr_line' id='line_1_30' title="bbox 88 3110 1127 3182; baseline -0.01 -12"><span class='ocrx_word' id='word_1_223' title='bbox 88 3118 144 3182; x_wconf 82' lang='grc' dir='ltr'><strong>ΑΙ.)</strong></span> <span class='ocrx_word' id='word_1_224' title='bbox 177 3117 308 3172; x_wconf 83' lang='lat' dir='ltr'>Censorio,</span> <span class='ocrx_word' id='word_1_225' title='bbox 333 3115 363 3172; x_wconf 84' lang='lat' dir='ltr'>N,</span> <span class='ocrx_word' id='word_1_226' title='bbox 385 3115 415 3170; x_wconf 90' lang='lat' dir='ltr'>D.</span> <span class='ocrx_word' id='word_1_227' title='bbox 440 3129 465 3180; x_wconf 89' lang='lat' dir='ltr'>p.</span> <span class='ocrx_word' id='word_1_228' title='bbox 491 3114 567 3170; x_wconf 81' lang='lat'>2726.</span> <span class='ocrx_word' id='word_1_229' title='bbox 600 3140 633 3150; x_wconf 82' lang='lat'>-</span> <span class='ocrx_word' id='word_1_230' title='bbox 663 3111 728 3163; x_wconf 84' lang='lat' dir='ltr'>ltlale</span> <span class='ocrx_word' id='word_1_231' title='bbox 753 3113 878 3177; x_wconf 79' lang='lat' dir='ltr'>interpres</span> <span class='ocrx_word' id='word_1_232' title='bbox 914 3110 973 3161; x_wconf 84' lang='lat' dir='ltr'>Maii</span> <span class='ocrx_word' id='word_1_233' title='bbox 1010 3116 1127 3160; x_wconf 80' lang='lat' dir='ltr'>nostrum</span> 
     </span>
     <span class='ocr_line' id='line_1_31' title="bbox 89 3197 1127 3274; baseline -0.011 -18"><span class='ocrx_word' id='word_1_234' title='bbox 89 3205 260 3274; x_wconf 76' lang='lat' dir='ltr'>fragmentum</span> <span class='ocrx_word' id='word_1_235' title='bbox 286 3221 342 3256; x_wconf 89' lang='lat' dir='ltr'>cum</span> <span class='ocrx_word' id='word_1_236' title='bbox 369 3203 428 3254; x_wconf 88' lang='lat' dir='ltr'>loco</span> <span class='ocrx_word' id='word_1_237' title='bbox 452 3200 495 3252; x_wconf 87' lang='lat' dir='ltr'>illo</span> <span class='ocrx_word' id='word_1_238' title='bbox 522 3200 661 3268; x_wconf 78' lang='lat' dir='ltr'>virgiliano</span> <span class='ocrx_word' id='word_1_239' title='bbox 688 3205 831 3266; x_wconf 82' lang='lat' dir='ltr'>compurat;</span> <span class='ocrx_word' id='word_1_240' title='bbox 857 3213 909 3250; x_wconf 87' lang='lat' dir='ltr'>non</span> <span class='ocrx_word' id='word_1_241' title='bbox 936 3199 1003 3249; x_wconf 87' lang='lat' dir='ltr'>enim</span> <span class='ocrx_word' id='word_1_242' title='bbox 1021 3197 1064 3249; x_wconf 88' lang='lat' dir='ltr'>hic</span> <span class='ocrx_word' id='word_1_243' title='bbox 1081 3198 1127 3246; x_wconf 82' lang='lat' dir='ltr'>sut</span> 
     </span>
     <span class='ocr_line' id='line_1_32' title="bbox 90 3273 1128 3360; baseline -0.013 -16"><span class='ocrx_word' id='word_1_244' title='bbox 90 3312 138 3345; x_wconf 76' lang='lat' dir='ltr'>ure</span> <span class='ocrx_word' id='word_1_245' title='bbox 156 3292 284 3360; x_wconf 80' lang='lat' dir='ltr'>siguificat</span> <span class='ocrx_word' id='word_1_246' title='bbox 301 3293 347 3343; x_wconf 89' lang='lat' dir='ltr'>sub</span> <span class='ocrx_word' id='word_1_247' title='bbox 366 3273 419 3352; x_wconf 65' lang='lat' dir='ltr'>dic.</span> <span class='ocrx_word' id='word_1_248' title='bbox 438 3289 481 3340; x_wconf 88' lang='lat' dir='ltr'>sed</span> <span class='ocrx_word' id='word_1_249' title='bbox 502 3291 555 3340; x_wconf 80' lang='lat' dir='ltr'>axis</span> <span class='ocrx_word' id='word_1_250' title='bbox 575 3289 658 3356; x_wconf 84' lang='lat' dir='ltr'>positu</span> <span class='ocrx_word' id='word_1_251' title='bbox 674 3295 713 3338; x_wconf 86' lang='lat' dir='ltr'>est</span> <span class='ocrx_word' id='word_1_252' title='bbox 730 3301 777 3354; x_wconf 88' lang='lat' dir='ltr'>pro</span> <span class='ocrx_word' id='word_1_253' title='bbox 791 3287 975 3352; x_wconf 77' lang='lat' dir='ltr'>septemtrione</span> <span class='ocrx_word' id='word_1_254' title='bbox 990 3286 1046 3336; x_wconf 84' lang='lat' dir='ltr'>sire</span> <span class='ocrx_word' id='word_1_255' title='bbox 1064 3281 1128 3349; x_wconf 90' lang='lat' dir='ltr'>polo</span> 
     </span>
     <span class='ocr_line' id='line_1_33' title="bbox 91 3370 1129 3448; baseline -0.008 -16"><span class='ocrx_word' id='word_1_256' title='bbox 91 3380 242 3448; x_wconf 81' lang='lat' dir='ltr'>aquilonari.</span> <span class='ocrx_word' id='word_1_257' title='bbox 261 3376 388 3430; x_wconf 71' lang='lat' dir='ltr'>tractum</span> <span class='ocrx_word' id='word_1_258' title='bbox 403 3378 472 3446; x_wconf 81' lang='lat' dir='ltr'>Virg.</span> <span class='ocrx_word' id='word_1_259' title='bbox 490 3373 582 3444; x_wconf 83' lang='lat' dir='ltr'>Georg.</span> <span class='ocrx_word' id='word_1_260' title='bbox 601 3379 626 3432; x_wconf 77' lang='lat'>2.</span> <span class='ocrx_word' id='word_1_261' title='bbox 640 3376 705 3438; x_wconf 78' lang='lat'>2713</span> <span class='ocrx_word' id='word_1_262' title='bbox 724 3377 748 3431; x_wconf 83' lang='lat'>3.</span> <span class='ocrx_word' id='word_1_263' title='bbox 767 3374 831 3437; x_wconf 77' lang='lat'>3513</span> <span class='ocrx_word' id='word_1_264' title='bbox 850 3370 923 3429; x_wconf 83' lang='lat' dir='ltr'>Ovid.</span> <span class='ocrx_word' id='word_1_265' title='bbox 939 3372 1013 3424; x_wconf 80' lang='lat' dir='ltr'>Pont.</span> <span class='ocrx_word' id='word_1_266' title='bbox 1026 3375 1051 3425; x_wconf 78' lang='lat'>4.</span> <span class='ocrx_word' id='word_1_267' title='bbox 1064 3373 1088 3424; x_wconf 79' lang='lat'>7.</span> <span class='ocrx_word' id='word_1_268' title='bbox 1104 3373 1129 3424; x_wconf 82' lang='lat'>1.</span> 
     </span>
    </p>

    <p class='ocr_par' dir='ltr' id='par_1_10' title="bbox 90 3459 1131 3709">
     <span class='ocr_line' id='line_1_34' title="bbox 176 3459 1131 3532; baseline -0.01 -16"><span class='ocrx_word' id='word_1_269' title='bbox 176 3464 259 3520; x_wconf 85' lang='lat' dir='ltr'>XXlll.</span> <span class='ocrx_word' id='word_1_270' title='bbox 284 3464 349 3522; x_wconf 81' lang='lat' dir='ltr'>Non.</span> <span class='ocrx_word' id='word_1_271' title='bbox 369 3481 393 3532; x_wconf 86' lang='lat' dir='ltr'>p.</span> <span class='ocrx_word' id='word_1_272' title='bbox 415 3468 455 3521; x_wconf 81' lang='lat'>16.</span> <span class='ocrx_word' id='word_1_273' title='bbox 474 3467 516 3520; x_wconf 80' lang='lat'>28.</span> <span class='ocrx_word' id='word_1_274' title='bbox 553 3466 710 3515; x_wconf 76' lang='lat' dir='ltr'>Successore</span> <span class='ocrx_word' id='word_1_275' title='bbox 727 3474 765 3514; x_wconf 78' lang='lat' dir='ltr'>est</span> <span class='ocrx_word' id='word_1_276' title='bbox 782 3478 870 3512; x_wconf 81' lang='lat' dir='ltr'>susum</span> <span class='ocrx_word' id='word_1_277' title='bbox 879 3459 1131 3531; x_wconf 74' lang='lat' dir='ltr'>frequenterercu·</span> 
     </span>
     <span class='ocr_line' id='line_1_35' title="bbox 91 3538 1129 3616; baseline -0.013 -11"><span class='ocrx_word' id='word_1_278' title='bbox 91 3567 152 3611; x_wconf 80' lang='lat' dir='ltr'>rere.</span> <span class='ocrx_word' id='word_1_279' title='bbox 172 3555 265 3606; x_wconf 82' lang='lat' dir='ltr'>Accius</span> <span class='ocrx_word' id='word_1_280' title='bbox 284 3554 426 3604; x_wconf 79' lang='lat' dir='ltr'>Frloetere:</span> <span class='ocrx_word' id='word_1_281' title='bbox 445 3579 511 3591; x_wconf 92' lang='lat'>—-·</span> <span class='ocrx_word' id='word_1_282' title='bbox 532 3552 593 3614; x_wconf 80' lang='lat' dir='ltr'>(nec</span> <span class='ocrx_word' id='word_1_283' title='bbox 615 3550 703 3616; x_wconf 82' lang='lat' dir='ltr'>codd.)</span> <span class='ocrx_word' id='word_1_284' title='bbox 722 3550 774 3604; x_wconf 83' lang='lat' dir='ltr'>Nei</span> <span class='ocrx_word' id='word_1_285' title='bbox 794 3549 879 3616; x_wconf 85' lang='lat' dir='ltr'>prisce</span> <span class='ocrx_word' id='word_1_286' title='bbox 903 3562 949 3614; x_wconf 89' lang='lat' dir='ltr'>pro</span> <span class='ocrx_word' id='word_1_287' title='bbox 975 3555 1023 3604; x_wconf 63' lang='lat' dir='ltr'>neg</span> <span class='ocrx_word' id='word_1_288' title='bbox 1048 3538 1129 3598; x_wconf 82' lang='lat' dir='ltr'>Orell,</span> 
     </span>
     <span class='ocr_line' id='line_1_36' title="bbox 90 3640 309 3709; baseline 0.018 -17"><span class='ocrx_word' id='word_1_289' title='bbox 90 3643 215 3709; x_wconf 70' lang='lat' dir='ltr'>inscripti.</span> <span class='ocrx_word' id='word_1_290' title='bbox 232 3640 309 3696; x_wconf 82' lang='lat'>3121.</span> 
     </span>
    </p>
   </div>
   <div class='ocr_carea' id='block_1_8' title="bbox 0 0 1271 4500">
    <p class='ocr_par' dir='ltr' id='par_1_11' title="bbox 0 0 1271 4500">
     <span class='ocr_line' id='line_1_37' title="bbox 0 0 1271 4500; baseline 0 0"><span class='ocrx_word' id='word_1_291' title='bbox 0 0 1271 4500; x_wconf 95' lang='lat' dir='ltr'> </span> 
     </span>
    </p>
   </div>
  </div>
 </body>
</html>
