2520 4500
113 326 183 399 rat3
211 321 283 386 finis
305 325 413 387 autem
433 323 619 409 tragoediae
638 322 863 411 imponebatur
892 329 996 392 morte
1016 324 1160 392 Patrocli

109 432 147 492 *et
167 427 298 492 Achillis
320 433 395 514 post
416 427 540 493 luctum
554 429 734 496 vehementi
756 453 919 496 armorum
941 433 1158 516 requisitione.

113 532 212 613 Quod
242 534 466 619 argumenflrm
497 557 595 618 quum
618 557 658 598 ex
678 534 814 601 Homeri
836 537 936 601 Iliade
966 539 1008 601 sit
1034 538 1159 602 notissi-

113 662 216 713 mum,
255 639 434 703 accuratius
470 637 523 703 hio
561 661 709 704 enarrare
738 643 884 726 nolimus.
930 640 1065 707 Scenam
1105 663 1157 728 ap.

114 743 183 810 Cio.
213 736 308 810 Tusc.
339 743 369 809 2.
405 742 453 810 16.
489 742 532 808 38
558 744 643 808 inter
670 745 873 834 Eurypylum
910 751 942 811 et
970 746 1158 812 Patroclum

113 849 335 914 Hermannum
356 870 526 936 perperam
547 848 611 914 huc
637 844 789 927 traxisse,
818 853 850 916 in
874 840 1010 917 excursu
1032 852 1160 916 demon-

113 954 296 1020 strabimus.

199 1060 396 1145 Fragmenta
416 1056 510 1134 Attii,
534 1080 616 1144 quas
637 1062 677 1123 ex
694 1058 954 1146 Myrmidonibus
977 1065 1158 1148 supersunt,

112 1166 220 1230 omnia
242 1165 309 1228 fere
323 1163 435 1250 procul
458 1163 556 1228 dubio
579 1187 619 1228 ex
633 1164 766 1229 Achillis
788 1169 820 1229 et
842 1166 1023 1252 legatorum
1042 1167 1160 1231 oratic-

95 1269 204 1334 nibus
227 1269 420 1355 deprompta
441 1271 526 1336 sunt.
570 1269 671 1356 Apud
691 1269 872 1334 Homerum
894 1270 989 1348 Aiax,
1011 1272 1159 1338 Phoenix

112 1380 145 1441 et
173 1374 286 1440 Ulixes
320 1374 506 1460 delegantur
535 1374 576 1437 ad
606 1374 763 1441 Achillem
796 1376 1004 1462 placandum3
1046 1377 1159 1441 Attius

111 1480 319 1546 Antilochum
341 1501 467 1564 quoque
489 1476 636 1544 Nestoris
661 1480 779 1557 filium,
812 1481 868 1565 qui
887 1481 1005 1546 Achilli
1025 1481 1088 1547 fuit
1109 1504 1160 1546 ca·
1241 1544 1249 1555 f

102 1587 272 1662 ‘tissimum
316 1585 459 1672 legatum
494 1585 629 1652 induxit.
677 1582 837 1651 Credibile
865 1591 930 1663 est,
965 1587 1159 1652 Phoenicem
1218 1562 1250 1613 ὓ

111 1695 209 1759 etiam
230 1689 263 1756 i'n
289 1691 404 1777 legatis
426 1690 538 1766 fuisse3
561 1689 694 1759 Aiacem
714 1688 754 1755 fr,
777 1691 833 1754 IX
855 1691 932 1754 mihi
953 1692 1093 1756 indicare
1114 1693 1160 1756 vi.

110 1799 223 1874 detur3
254 1797 310 1861 sed
338 1819 416 1859 num
430 1793 544 1859 Ulixes
573 1794 708 1872 affuerit,
733 1794 866 1859 dubium
882 1800 948 1874 est3
970 1796 1025 1861 vix
1046 1800 1158 1861 tamen

110 1903 297 1981 credideris,
324 1904 466 1988 'quatuor
492 1900 592 1964 fuisse
617 1900 751 1987 legatos.
798 1899 934 1966 Scenam
962 1903 1004 1966 ad
1024 1884 1181 1967 Achillis

99 2010 285 2075 'tentorium
314 2008 412 2073 fuisse
433 2010 466 2071 et
495 2006 628 2072 chorum
651 2029 668 2071 e
688 2005 948 2093 Myrmidonibus
976 2006 1160 2072 constitisse

108 2117 163 2181 vix
191 2114 290 2181 verbo
320 2108 500 2178 monuerim
534 2131 660 2175 necesse
689 2114 748 2176 est.
786 2109 952 2185 Achillem,
988 2109 1076 2195 quod
1102 2134 1159 2177 no-

31 2204 50 2228 ⁵
109 2243 181 2286 meu
204 2242 301 2305 quam
323 2222 398 2304 apte
417 2215 493 2280 huic
520 2215 706 2300 tragoediae
729 2212 896 2278 conveniat
909 2237 1004 2280 nemo
1027 2239 1092 2280 non
1114 2217 1159 2280 vi-

109 2326 181 2405 det,
214 2348 312 2410 quum
334 2343 436 2408 pauca
465 2321 533 2384 eius
555 2319 737 2406 fragmenta
758 2320 849 2403 (tria)
871 2321 1000 2386 omnino
1027 2320 1092 2386 huc
1113 2320 1158 2386 fa

108 2454 180 2497 cere
201 2431 384 2506 videantur,
408 2427 540 2491 eandem
561 2424 704 2491 fabulam
726 2429 886 2512 putamus.

111 2619 115 2625 ι
195 2532 347 2621 Aeschyli
368 2535 401 2597 et
422 2532 507 2598 Attii
527 2531 750 2620 Myrmidones
772 2533 897 2598 initium
920 2534 1040 2620 cepisse
1056 2555 1075 2596 a
1091 2555 1158 2596 oer-

109 2640 194 2706 mine
215 2638 313 2719 chori,
335 2640 389 2723 qui
403 2638 536 2703 Achillis
557 2640 712 2703 incuriam
732 2639 932 2722 vituperarit,
955 2639 1077 2698 certum
1092 2657 1157 2700 non

109 2744 293 2823 habuerim,
324 2742 422 2828 quum
443 2740 559 2807 Aesch.
582 2742 622 2807 fr.
649 2741 710 2806 122
732 2744 765 2802 et
797 2739 858 2801 125
881 2738 1008 2819 (Dind.)
1036 2739 1156 2820 optime

111 2876 130 2918 a
159 2851 274 2938 legatis
305 2848 367 2913 dici
395 2845 569 2933 potuerint.
614 2842 784 2906 Inveniunt
806 2839 893 2923 apud
914 2838 1094 2901 Homerum
1115 2838 1156 2902 le

109 2960 179 3046 goti
199 2955 355 3022 Achillem
378 2956 452 3017 ante
472 2949 647 3015 tentorium
677 2943 774 3030 φρένα
804 2938 992 3024 τερπόμενον
1021 2938 1154 3026 φόρμιγγι
1228 2952 1231 2957 “

109 3065 213 3149 λιγείῃ.
256 3060 403 3128 Primum
425 3057 523 3123 verba
543 3051 655 3119 fecisse
676 3046 882 3115 Antilochum
904 3045 1072 3111 verisimile
1094 3048 1151 3108 est.

109 3166 291 3246 Monuerit,
325 3164 457 3232 Achillis
485 3161 628 3227 inimicos
656 3168 866 3244 persuasuros
894 3171 963 3216 esse
990 3147 1149 3220 exercitui,

109 3275 237 3364 ignavia
253 3296 325 3338 eum
346 3272 406 3336 ret'
460 3290 492 3357 3
514 3263 654 3331 hancc'
691 3261 860 3325 tionem
878 3257 985 3323 reditu
1005 3256 1039 3319 in
1053 3252 1150 3318 aciem

110 3380 322 3470 repellendam
344 3398 423 3441 esse·
463 3348 479 3381 ¹
529 3375 598 3436 tur:
628 3283 741 3455 Ὓ

44 3486 94 3555 18.
197 3488 225 3554 1.
257 3480 390 3564 Quare
413 3474 535 3546 dliaex
556 3474 686 3541 crimine
699 3471 900 3537 inimicorum
922 3465 1060 3552 effligere
1080 3476 1153 3546 pos·

215 3607 218 3612 ·
261 3601 263 3604 ·
341 3644 344 3647 ,
424 3585 466 3649 sis
489 3582 598 3648 de'lica.
623 3616 629 3633 =

192 3760 377 3772 ...ss-w..-
384 3760 394 3764 <
400 3759 421 3764 ..-

182 3857 201 3914 l.
226 3855 292 3912 Non.
311 3870 335 3922 p.
354 3855 396 3908 98.
415 3853 441 3910 5.
474 3837 845 3915 Delica,erp1ana‚indica,
885 3836 978 3886 Accius
994 3830 1108 3915 Achille:
1126 3847 1153 3898 q.

113 3965 136 4002 r.
154 3947 223 3996 aliae
240 3963 260 3999 e.
280 3960 303 3998 c,
321 3945 339 3997 ι’.
357 3934 401 4011 eff
418 3959 445 4008 p.
464 3937 513 3992 del,
533 3936 603 4002 (alic
621 3932 680 3986 edd.
699 3955 731 3967 -
752 3947 783 3978 cx
802 3942 852 3977 om.
873 3916 918 3986 Μ.)
944 3915 982 3974 ld.
999 3935 1024 3985 p.
1037 3917 1097 3971 277.
1109 3917 1153 3967 ²9.

114 4028 206 4085 Delt'cn
221 4008 262 4081 'est
281 4031 357 4099 aperi
371 4035 395 4077 et
414 4025 526 4095 explana
544 4049 556 4061 ·
574 4048 586 4060 ·
605 4021 699 4071 accius
718 4017 746 4065 in
765 4011 878 4064 Aeliille:
898 4035 965 4044 --
984 4003 1064 4068 (olicis
1080 3999 1110 4054 B.
1122 4025 1153 4036 -

937 4176 1113 4379 lg·
