2520 4500
369 896 466 978 lv.
488 897 599 979 'nii
625 898 912 980 excidium.

186 1084 1100 1154 un1rfloausrwernasra

210 1277 263 1345 cf.
290 1279 441 1347 Welcker
467 1283 509 1347 tr.
531 1279 590 1349 Gr.
614 1304 646 1367 p.
678 1280 739 1349 159
767 1302 822 1367 sq3
849 1280 935 1346 idem
967 1279 1008 1346 de
1031 1279 1166 1347 Persida

120 1386 190 1472 agit
209 1385 297 1452 Mus.
320 1385 421 1452 Rhen.
447 1384 532 1452 1837
554 1408 585 1473 p.
608 1383 673 1452 466
694 1408 741 1470 sq.
1167 1423 1170 1432 ·

208 1490 262 1556 Ex
289 1492 341 1566 iis,
378 1512 460 1575 quae
490 1489 550 1556 snb
581 1492 710 1557 nomine
737 1490 902 1578 Deiphobi
934 1492 1075 1556 citantur
1106 1490 1168 1556 fra-

121 1596 279 1684 gmentis,
306 1597 451 1680 quamvis
474 1617 636 1683 perpauca
663 1597 727 1661 sint
748 1600 781 1661 et
809 1596 941 1682 exigua,
977 1595 1083 1681 colligi
1107 1618 1168 1683 par

122 1705 189 1779 eat,
218 1701 334 1766 Troiae
356 1703 625 1788 expugnationem
646 1725 704 1790 per
719 1702 835 1796 *dolum
858 1702 931 1785 equi
952 1699 992 1765 ab
1013 1700 1106 1788 Epeo
1128 1722 1172 1765 ex·

122 1808 211 1894 ligno
234 1807 410 1872 constructi
431 1809 465 1871 in
485 1807 545 1873 hac
566 1809 733 1894 tragoedia
754 1811 859 1874 aetam
881 1829 949 1873 esse
970 1805 1023 1892 (fr.
1046 1807 1074 1873 1.
1096 1806 1167 1890 Π.).

122 1913 250 1989 Aetam,
271 1933 336 1975 non
357 1914 518 1975 narratam
539 1915 772 1989 tantummodo,
795 1936 869 1977 nam
883 1913 923 1978 fr.
946 1913 982 1976 11
1003 1913 1058 1977 vix
1077 1911 1168 1990 aliua,

122 2041 219 2105 quam
248 2016 548 2105 piscator‘aliquis,
584 2019 639 2103 qni
669 2015 820 2082 Sinonem
848 2017 882 2082 in
910 2017 985 2081 ulva
1017 2016 1169 2083 latentem

124 2126 303 2211 repererat,
332 2122 460 2188 locutus
490 2144 559 2188 esse
587 2127 712 2211 potest3
745 2124 831 2191 hunc
860 2146 937 2190 vero
964 2128 1034 2188 tam
1062 2122 1173 2209 magni

124 2230 279 2296 momenti
299 2250 468 2315 personam
489 2229 524 2293 in
549 2228 658 2294 fabula
685 2228 801 2307 fidae,
831 2234 869 2295 ut
897 2229 1033 2317 prologo
1060 2238 1171 2295 omnes

122 2336 157 2399 in
179 2334 302 2400 excidio
324 2332 441 2397 Troiae
461 2355 514 2396 rea
528 2336 635 2420 gestae
658 2336 841 2418 exponeret,
865 2335 994 2399 omnino
1014 2355 1078 2399 non
1100 2353 1176 2398 con·

124 2441 267 2507 cesseris.
302 2439 373 2502 Iam
394 2459 472 2503 vero
493 2440 739 2503 consentaneum
755 2459 881 2523 quoque
903 2445 961 2516 est,
984 2440 1022 2502 ut
1037 2441 1171 2516 statuae,

125 2545 166 2609 de
194 2542 367 2630 Deiphobo
400 2543 588 2607 eminentius
619 2543 739 2627 aliquid
764 2545 871 2607 aetum
904 2564 988 2620 ease,
1023 2542 1110 2634 quod
1138 2543 1178 2608 in‘

124 2652 231 2737 ipsum
254 2649 368 2714 excidii
388 2651 517 2735 tempus
539 2647 643 2712 cadat.

210 2753 312 2841 Apud
346 2754 528 2820 Homerum
558 2752 623 2820 od.
650 2752 681 2821 l.
716 2752 791 2820 2⁷4.
822 2776 884 2838 sq„
915 2752 971 2819 ubi
1004 2755 1176 2821 Menelaue

131 2855 268 2925 Helenae
297 2864 416 2936 narrat,
446 2882 480 2925 se
502 2864 535 2924 et
561 2860 664 2925 socios
686 2859 781 2924 huius
803 2860 877 2926 dolo
902 2882 1003 2947 paene
1028 2861 1173 2946 ipsosne

128 2961 306 3048 prodidisse
325 2966 359 3028 in
383 2986 466 3050 equo
487 2965 593 3050 ligneo
615 2965 837 3050 consedentes,
860 2964 939 3030 haec
961 2968 1053 3029 eunte

103 3070 106 3075 ’
178 3086 181 3095 ’
277 3063 398 3143 Ἧλθες
419 3068 521 3132 ἔπειτα
541 3067 581 3137 σὺ
595 3079 684 3132 κεῖσε·
706 3069 913 3150 κελευσέμεναι
931 3070 964 3132 cle*
980 3067 1138 3150 c'ilaertlrv·

284 3175 417 3256 δαίμων,
442 3172 477 3248 ὃς
501 3172 661 3258 Τρώεσσιν
682 3169 828 3254 ἐβούλετο
850 3175 943 3249 κῦδος
965 3172 1079 3257 ὀρέξαι·
1172 3180 1178 3209 ’·

282 3280 332 3342 καὶ
354 3302 401 3342 τοι
423 3280 588 3364 Δηλφοβος
607 3279 779 3351 θεοείκελος
798 3275 897 3341 ἕσπετ’
918 3275 1030 3364 Ι’λούσῃ
1052 3305 1080 3346 κ.
1097 3303 1124 3345 τ.
1141 3303 1177 3346 α·

127 3384 331 3451 Εσελαλλιίιιο.
361 3384 438 3468 φασι
460 3382 551 3447 (λε’
515 3381 611 3447 αυτὸν
630 3385 698 3468 (Δη
697 3383 823 3469 λφοβον)
850 3379 1006 3456 θανόντος
1030 3380 1179 3468 Πάριδος

128 3486 299 3570 ἀγαγέσθαι
328 3511 387 3570 την
409 3483 557 3570 Ἕλενην,
589 3483 631 3560 ὦς
652 3493 715 3550 τῶν
742 3485 1000 3572 περιλειφθέντων
1031 3484 1176 3572 ἀδελφῶν

128 3590 335 3720 νρείττονοι·“ἰ
318 3616 335 3656 o
358 3593 407 3654 και
431 3591 594 3666 Μενέλαος
616 3592 709 3674 δηλοῖ
726 3588 942 3655 θεοείκελον’
926 3586 1085 3672 ονομασας
1114 3576 1180 3661 affl

128 3689 194 3758 τόν·
211 3695 253 3760 οὗ
273 3697 334 3782 γὰρ
355 3696 414 3778 ἔχει
436 3695 578 3781 κρύπτειν
599 3694 636 3760 τὸ
660 3695 786 3779 ἀληθές.
816 3695 923 3761 Tretz.
947 3692 990 3757 ad
1010 3664 1178 3813 Ιιγσορλὶθ

132 3798 193 3866 143
210 3799 295 3880 dicit,
315 3802 523 3890 Deiphobum
538 3801 725 3867 Helenam
717 3823 750 3865 m
765 3799 1003 3866 matrimonium
1018 3800 1178 3886 accepisse

127 3904 317 3993 ἀριστεύσας
346 3907 420 3977 κατὰ
452 3904 587 3990 κλλεμον
619 3907 668 3971 καλ
700 3931 815 3990 ταυτην
844 3901 887 3981 ὥς
914 3902 1068 3986 ἀριστεῖον
1096 3901 1176 3969 nard

861 4009 966 4076 .5*
