2520 4500
89 133 221 199 58.

88 289 261 356 abhorrens
281 296 417 356 mortem
437 293 505 378 ipse
529 291 589 356 sibi
611 293 794 359 consciscat.
822 293 956 371 Heneti,
978 316 1019 359 ne
1046 295 1127 360 duce
1149 351 1151 356 .

88 399 230 474 careant,
259 396 301 461 ad
321 397 495 461 Antenoris
524 400 638 483 postea
658 397 882 463 auctoritatem
904 401 938 463 se
960 398 1127 465 conferunt

87 523 193 585 aquo
217 502 314 566 etiam
343 501 588 565 denominantur
614 501 668 584 (cf.
698 499 787 568 Serv.
814 503 865 566 ad.
892 503 985 590 Virg.
1011 503 1071 570 Ac.
1096 504 1125 573 1.

90 605 169 670 142:
199 613 241 668 Hi
266 629 360 669 autem
384 605 560 692 [Patavini]
581 614 683 692 prinus
709 610 884 692 temporibus
905 611 979 670 dica·
999 623 1066 670 snat
1088 613 1124 670 cb

87 719 236 774 Antenore
250 712 480 877 ἔκιον-Μαι.)
521 709 595 776 Non
622 710 721 774 mlrllss
748 713 797 775 est
822 710 921 796 igliur
947 713 1126 797 argumenti

86 813 213 890 titulus,
295 814 424 879 mmodc
452 814 567 880 chorus
596 836 636 879 ex
666 814 873 880 Antenoridis‘
903 816 950 900 (et
978 816 1128 901 Henetis)

87 917 263 985 constabat
306 917 539 1004 Agamemnoni
560 923 597 984 ut
620 919 738 983 ducum
758 920 894 1006 principi
919 921 1125 985 conveniunt

21 1021 81 1088 127
175 1024 284 1090 V.—
305 1022 359 1087 Ad
380 1025 534 1110 populum
555 1024 705 1110 intellego

241 1126 459 1194 Refernndum
480 1130 629 1214 quoniam
648 1129 764 1194 horum
785 1127 931 1215 aequiter
951 1130 1020 1193 cent
1006 1128 1084 1192 ten
1060 1131 1126 1192 trae

242 1233 348 1299 Fue're
370 1273 413 1283 -—

508 1478 711 1490 w

143 1723 184 1789 V.
222 1721 572 1787 ASTYANAX
608 1721 716 1786 sive
751 1719 1065 1791 TROADES.

174 1913 225 1979 Cf.
248 1913 403 1980 Diintzer.
426 1914 459 1978 in
481 1912 727 1991 Zimmermanni
749 1913 933 1980 zeitschrift
952 1915 975 1982 f.
992 1915 1057 1981 Alt.
1073 1919 1124 1982 W.

90 2016 173 2087 1837
195 2043 228 2105 p.
251 2018 293 2084 48
316 2042 361 2103 sq.
407 2016 568 2086 Weloker.
591 2023 633 2087 tr.
656 2017 714 2086 Gr.
737 2042 770 2106 p.
797 2019 867 2086 173.

170 2141 294 2222 Achivi,
318 2163 416 2225 quum
431 2142 561 2206 Troiam
577 2143 733 2227 cepissent
753 2144 785 2205 et
800 2141 995 2206 devastaturi
1009 2143 1121 2216 essent,

83 2247 247 2323 timentes,
268 2246 398 2331 nequis
419 2250 533 2332 postea
554 2247 660 2332 regiae
681 2246 790 2332 stirpis
811 2267 912 2332 regno
936 2248 1127 2334 recuperato

84 2354 118 2416 et
154 2350 233 2415 urbe
269 2350 309 2415 de
337 2350 463 2437 integro
504 2349 668 2441 aedificata
698 2350 802 2416 ultum
840 2351 902 2416 iret
931 2352 1125 2417 eversionem

83 2457 217 2543 patriae,
240 2460 277 2521 ut
300 2454 436 2521 Calchas
456 2456 647 2523 vaticinatus
670 2460 739 2522 erat
759 2455 864 2543 (Serv.
888 2456 929 2520 ad
950 2454 1044 2542 Virg.
1063 2455 1125 2520 Ae.
1177 2478 1182 2495 ⁰

86 2561 135 2628 11.
158 2561 258 2647 457,),
281 2561 446 2627 consilium
469 2565 621 2649 ceperunt
642 2562 765 2647 prolem
784 2561 906 2627 Priami
929 2558 1125 2645 exstirpandi

83 2670 117 2732 et
130 2666 362 2753 Astyanactem
376 2666 528 2731 Hectoris
550 2668 582 2728 et
596 2664 841 2730 Andromachae
854 2664 955 2727 filium
978 2663 1018 2726 de
1032 2684 1126 2724 muro

82 2771 379 2857 praecipitaverunt.
404 2767 455 2834 Of.
482 2767 642 2851 Hyginsf.
659 2765 730 2830 109.
760 2766 871 2829 Ulixes
887 2788 959 2830 eum
975 2764 1125 2829 deiecisse

83 2875 222 2940 traditur
257 2895 277 2936 a
304 2871 393 2938 Serv.
426 2870 467 2932 ad
496 2870 587 2952 Virg.
615 2865 673 2932 Ae.
702 2867 732 2931 3.
761 2865 840 2943 489,
873 2867 1039 2933 Menelaus
1074 2868 1124 2932 vel

81 2979 227 3066 Pyrrhus
254 2999 274 3041 a
306 2976 413 3041 Tacta.
446 2972 487 3036 ad
519 2968 682 3056 Lycophr.
720 2969 812 3036 1263.
857 2969 944 3036 Nihil
972 2972 1057 3037 aliud
1083 2973 1125 3037 de

82 3083 279 3170 Astyanacte
300 3104 340 3146 ex
353 3082 498 3144 veterum
521 3073 729 3162 scriptoribus
745 3079 945 3162 compertum
959 3077 1123 3156 habemus,

83 3187 170 3273 quod
190 3187 231 3250 ad
250 3186 331 3251 hanc
356 3182 555 3268 tragoediam
584 3181 742 3267 pertinere
763 3182 875 3268 possit.
918 3181 1003 3247 Illud
1029 3183 1124 3260 enim,

59 3304 63 3313 ’
83 3291 169 3377 quod
195 3289 336 3356 nonnulli
364 3285 592 3373 mythographi
617 3283 721 3369 (Serv.
744 3286 785 3350 ad
807 3285 898 3374 Virg.
920 3286 980 3354 Ae.
1004 3286 1034 3354 9.
1058 3285 1125 3350 264

86 3396 156 3464 coll.
187 3394 310 3460 Ciofan.
337 3393 369 3456 in
392 3391 440 3455 ed.
462 3390 573 3455 Burm.
603 3387 700 3456 Ovid.
722 3390 856 3458 Metam.
888 3391 937 3458 13.
959 3391 1039 3476 415)
1060 3393 1125 3453 tra

83 3499 179 3578 dunt,
201 3497 352 3564 Hectoris
374 3495 474 3560 filium
494 3499 608 3582 postea
621 3517 756 3583 regnum
777 3494 952 3560 Troianum
973 3493 1124 3570 tenuisse,

83 3604 251 3691 quominus
283 3601 323 3666 ab
355 3600 449 3665 Attio
483 3606 647 3686 arreptum
682 3621 750 3666 esse
782 3603 956 3674 statuatur,
988 3596 1126 3682 impedit
1199 3679 1202 3686 Ι

168 3881 199 3936 V.
228 3880 294 3932 Non,
312 3897 335 3947 p.
355 3884 414 3935 512.
432 3884 475 3936 20.
515 3883 637 3951 Aequiter
658 3897 710 3948 pro
736 3896 826 3948 aeque,
863 3878 955 3927 Accius
980 3879 1125 3947 Antenori·

84 3967 137 4021 da:
159 3997 238 4024 ·-—.
258 3967 335 4019 Deest
354 3970 515 4036 participium
535 3966 640 4035 aliquod
661 3965 726 4031 peri.
751 3978 819 4030 pau.
842 3980 865 4017 v.
884 3979 910 4030 g.
928 3958 1029 4029 dimit
1047 3962 1123 4016 latae.
