2520 4500
476 838 555 920 11.
595 837 743 921 Ilias,

314 970 893 1136 paruumu1ruu

174 1199 258 1267 Sunt
280 1203 334 1287 qui
350 1204 538 1278 censuerint,
560 1202 691 1282 Attium
709 1202 890 1266 universam
905 1201 1042 1267 Homeri
1054 1202 1134 1277 *Ilia

86 1307 159 1370 dem
171 1307 205 1370 in
215 1306 340 1370 fabulas
353 1309 490 1372 scenicas
502 1308 706 1373 convertisse.
736 1306 766 1370 N
767 1306 982 1392 ieberdingius
993 1308 1133 1372 libellum

86 1411 202 1475 edidit:
236 1411 312 1475 llias
334 1412 471 1477 Homeri
499 1412 539 1477 ab
560 1414 600 1479 L.
624 1413 718 1478 Attio
743 1413 777 1476 in
799 1412 946 1476 dramata
972 1424 1133 1477 eonvem.

85 1516 202 1602 Progr.
234 1513 359 1583 Conitz.
396 1516 481 1582 1838
514 1520 563 1585 ed.
586 1518 722 1595 Iunker,
755 1519 788 1582 in
820 1541 885 1602 quo
916 1517 1136 1581 demonstrare
1208 1578 1211 1587 ,

86 1625 219 1686 conatus
249 1624 313 1698 est,
346 1620 592 1708 tragoediarum
606 1623 812 1710 Attianarum
841 1621 970 1685 nomina
999 1624 1031 1684 et
1052 1620 1136 1706 frag-

85 1730 193 1792 menta
206 1728 280 1791 huic
295 1728 469 1790 sententiae
484 1727 718 1792 accommodari
732 1748 837 1812 posse.
869 1723 934 1790 Sed
950 1725 1101 1791 abhorret
1117 1750 1137 1790 a

85 1831 367 1909 vensimilitudine,
391 1831 546 1915 siquidem
576 1831 758 1918 fragmenta
778 1834 866 1896 recte
887 1831 1136 1896 intellexerimus

85 1936 222 2019 indeque
243 1940 432 2022 argumenta
453 1936 663 2023 probabiliter
677 1938 984 2024 investigaverimus.
1002 1978 1045 1988 —
1060 1936 1136 2001 Per-

86 2043 152 2106 sius
175 2044 234 2107 sat.
262 2041 293 2107 i.
318 2040 378 2106 30:
414 2070 471 2104 non
501 2047 563 2105 lieic
598 2063 640 2106 est
663 2051 735 2106 Ilios
764 2048 858 2106 Aeci?
889 2039 955 2120 Qui
984 2041 1074 2105 locus
1096 2064 1136 2106 ne

85 2147 126 2213 de
145 2151 258 2212 nostro
280 2146 486 2231 intelligatur,
510 2146 698 2211 scholiastae
713 2146 951 2210 annotationem
967 2145 1134 2211 adscribo:

86 2260 195 2316 Accius
216 2255 335 2332 Labeo,
365 2251 431 2323 ait,
451 2265 538 2339 poeta
561 2255 695 2313 r‘udoetus
718 2257 784 2338 suit
794 2299 806 2324 ,
840 2261 892 2337 qui
921 2255 1041 2312 Iliadem
1071 2258 1134 2312 Ho-

86 2363 161 2418 meri
189 2340 317 2418 versilus
338 2360 514 2444 foedissime
546 2363 732 2443 composuit,
762 2366 803 2419 ito
827 2375 857 2417 ut
880 2382 931 2418 nee
954 2362 1016 2437 ipse
1045 2367 1133 2442 poeta

86 2462 292 2540 intellexisset,
328 2469 386 2524 uisi
415 2463 558 2524 helleboro
582 2480 773 2547 purgaretur.
817 2460 909 2526 idem
931 2459 979 2537 ad¹
1002 2458 1134 2523 eandem

86 2564 146 2629 sat.
168 2584 198 2627 V.
220 2561 260 2627 4:
288 2569 470 2643 Labeonem,
496 2575 564 2652 quia
580 2569 678 2628 Labeo
694 2573 843 2629 transtulit
859 2568 958 2629 Iliada
981 2581 1014 2623 et¹
1034 2563 1135 2637 Odys-

50 2723 52 2728 .
86 2693 165 2728 seam
198 2671 312 2732 terbum
344 2696 380 2732 etc
411 2673 665 2749 eerlo,.j·ridieule
693 2678 787 2741 satis,
815 2671 893 2752 quod
923 2664 1011 2724 verbo
1034 2664 1134 2743 potius

87 2796 172 2855 quam
197 2797 311 2832 sensum
334 2788 448 2833 ,restitus
473 2754 550 2836 estis
571 2777 645 2832 Eius
669 2784 713 2830 est
735 2775 782 2829 ille
804 2790 927 2828 versus:

176 2878 306 2940 Crudum
331 2878 486 2938 manduces
510 2879 660 2937 Priamum
685 2873 852 2953 Priamique
872 2873 1018 2952 pisiunos.

86 2978 199 3045 Iahnio
228 2982 300 3045 tota
328 2978 407 3043 haec
435 2979 551 3043 notitia
583 2975 676 3039 valde
706 2974 828 3037 incerta
860 2969 1002 3045 videtur,
1036 2989 1134 3052 quum

87 3084 257 3150 scholiasta
279 3085 452 3150 admodum
480 3083 646 3169 suspectae
673 3078 748 3143 fidei
771 3077 822 3142 sit.
867 3073 1071 3140 Heinrichius
1093 3071 1134 3134 ad

86 3189 177 3255 Pers.
201 3213 233 3274 p.
263 3188 463 3255 atrocium
493 3185 651 3273 quendam
672 3182 776 3250 Persii
808 3180 971 3267 aequalem
992 3178 1023 3244 h.
1045 3177 1067 3243 l.
1090 3176 1135 3238 in-

87 3294 294 3380 telligendum
316 3317 385 3359 esse
479 3292 542 3358 'cit
672 3312 716 3401 {a
834 3320 840 3343 i

173 3398 300 3464 Deinde
339 3398 443 3465 nonu¹
518 3395 702 3483 (praecipue
740 3391 930 3475 Schoellius)
961 3383 1137 3472 tragoediis

86 3503 172 3568 Attii
191 3504 368 3570 Briseidem
390 3502 569 3567 addendam
592 3520 660 3567 esee
680 3499 803 3588 opinati
818 3500 904 3562 sunt.
938 3493 1029 3559 Pers.
1053 3488 1136 3554 enim

88 3611 147 3675 sat.
175 3608 202 3675 1.
227 3609 286 3674 76:

177 3721 231 3776 Est
256 3742 331 3776 nurse
355 3719 471 3775 Brisaei
492 3739 575 3798 quem
600 3737 721 3773 venosus
745 3713 817 3770 liber
841 3713 908 3768 Atti
938 3720 939 3725 ’
1024 3752 1027 3760 .

178 3825 252 3880 Sunt
277 3845 348 3903 quos
372 3823 575 3902 Patriciusque
597 3834 623 3877 et
649 3837 803 3877 rerrueosu
825 3826 953 3870 irroretur

175 3927 320 4010 Antiopa.
