2520 4500
277 414 337 480 IV.
380 410 931 480 ANTENORIDAE.

175 587 227 657 cf.
261 587 420 655 Weloker.
452 589 493 654 tr.
532 584 590 654 Gr.
630 609 663 674 p.
700 584 762 652 166
799 609 846 674 sq.
879 586 1015 657 Sehoell.
1053 590 1123 658 Bei-

87 682 181 782 triige
201 716 234 781 p.
256 693 321 760 43⁷
343 715 390 780 sq.
942 772 947 783 .

175 831 280 900 εοεαε
304 831 471 919 sophoclis
492 852 533 898 ex
561 830 690 919 ιαρια
713 829 845 898 eroes
874 792 991 900 reeh
1018 835 1124 903 mua

86 938 180 1003 huius
200 937 336 1004 nominis
351 939 384 1002 et
405 958 445 1001 ex
466 957 504 1001 ea
516 935 645 1002 Attium
664 935 806 1002 hausisse
823 943 1048 1024 argumentum
1069 942 1123 1007 vix

85 1043 218 1108 dubium
238 1041 432 1107 intercedere
453 1044 570 1128 potest.
616 1038 681 1107 Sed
703 1064 802 1126 quum
821 1041 1001 1130 fragmenta
1021 1067 1124 1132 pauco

85 1149 150 1214 sint
171 1151 205 1213 et
227 1147 342 1233 exigua
362 1147 416 1231 (ex
438 1144 596 1233 Sophocle
624 1167 705 1211 unus
733 1150 957 1216 tantummodo
983 1151 1123 1216 sincerus

85 1253 227 1318 senarius
248 1255 391 1317 servatus
413 1255 479 1329 est,
499 1252 590 1337 isque
609 1251 727 1317 nullius
747 1253 876 1339 indicii),
899 1258 1122 1342 argumentum

84 1357 304 1423 difficillimum
333 1361 383 1423 est
414 1356 592 1443 exploratu.
635 1355 712 1423 Une
740 1380 780 1424 ex
807 1362 900 1445 parte
928 1363 1052 1425 eertum
1074 1364 1123 1427 est

84 1485 124 1528 ex
145 1466 336 1549 argumento
357 1459 526 1549 Sophoclis
546 1461 670 1540 Aiacis,
697 1462 838 1529 fabulem
859 1463 958 1530 finisse
982 1469 1123 1548 Τρωϊκῆς

83 1567 311 1648 πραγματείας,
345 1565 462 1642 altera,
491 1566 664 1631 Antenoris
689 1567 826 1634 liliorum
855 1591 906 1633 res
935 1573 1042 1655 gestas
1068 1569 1122 1634 mi-

82 1693 176 1736 nores
207 1693 294 1747 esse,
326 1693 424 1757 quam
455 1675 493 1736 ut
513 1671 696 1757 tragoediae
717 1674 939 1758 argumentum
970 1673 1122 1759 praebere

81 1776 255 1862 potuerint.
299 1773 499 1841 Novissimus
534 1773 701 1864 Sophoclis
734 1775 987 1864 fragmentorum
1017 1778 1135 1844 editor·

81 1880 258 1946 Ahrensius
278 1880 342 1964 (ed.
356 1879 545 1969 Didotiana)
563 1904 596 1969 p.
619 1881 862 1977 2'llrpxposuit,
884 1886 922 1947 ut
941 1881 1035 1948 nobis
1055 1884 1121 1968 qui-

81 1984 154 2051 dem
175 1986 316 2058 videtur,
342 1984 382 2049 de
404 2006 529 2049 summa
548 1985 642 2049 huius
669 1962 795 2051 Aleuas
826 1991 859 2050 et
883 1988 1067 2075 simpliciori
1087 1992 1121 2055 et

80 2089 292 2157 verisimiliori
320 2089 431 2166 modo,
463 2111 558 2174 quam
578 2088 734 2165 Bothius‚
763 2089 965 2168 Welckerus‚
994 2091 1121 2160 Schoel-

84 2194 154 2260 lius.
196 2194 340 2262 Maxime
361 2216 482 2259 errasse
504 2216 615 2261 censeo
638 2193 847 2273 Sohoellium,
871 2197 927 2282 qui
947 2195 1120 2286 Nyctegrs

85 2296 164 2362 siam
190 2323 262 2365 cum
288 2299 495 2365 Antenoridis
522 2301 713 2388 coniungere
742 2302 876 2369 studuit.
920 2301 983 2369 Est
1011 2307 1119 2370 autem

82 2406 238 2470 sententia
257 2403 420 2480 Ahrensii,
451 2409 675 2490 argumentum
694 2405 965 2471 Antenoridarum
990 2409 1024 2473 iu
1049 2431 1120 2476 eve·

79 2508 168 2577 sione
188 2510 361 2575 Antenoris
389 2509 520 2594 eiusque
547 2509 685 2575 liliorum
715 2512 755 2574 eri
775 2510 891 2576 Troiae
919 2511 1064 2578 incendio
1085 2517 1119 2581 et

78 2636 152 2679 eum
180 2615 316 2680 Henetis
349 2614 382 2677 in
414 2614 582 2680 Venetiam
617 2613 816 2700 profectione
845 2619 1006 2681 versatum
1039 2639 1117 2689 esse.

80 2719 149 2784 Τδν
169 2720 227 2800 μὲν
248 2712 304 2784 οὖν
321 2699 502 2802 Ἀντήνορα
529 2719 578 2781 καὶ
607 2718 677 2793 τοὺς
698 2721 811 2794 παῖδας
831 2718 910 2803 μετὰ
931 2726 994 2784 τῶν
1015 2747 1117 2808 παρα-

78 2823 246 2904 γενομένων
269 2819 399 2888 Ἐνετῶν
426 2825 467 2899 εἷς
498 2821 554 2908 τὴν
578 2820 704 2912 Θρᾴκην
734 2830 954 2909 περισωθῆναι·
976 2823 1119 2891 κάκεῖθεν

82 2925 231 2990 διαπεσεῖν
260 2928 301 3001 εἰς
333 2925 390 3010 τὴν
418 2927 581 3011 λεγομένην
613 2926 691 2993 κατὰ
721 2925 776 2992 τὸν
793 2925 932 3014 Ἀδρίαν
948 2926 1116 3012 Ἕνετικήν,

81 3023 194 3112 Polyb.
216 3029 246 3097 2.
272 3031 322 3099 17.
345 3029 383 3096 6:
415 3032 494 3115 Περὶ
519 3021 562 3094 ὧν
587 3030 617 3093 ol
639 3033 904 3119 spaycpdeoypolpor
932 3031 1029 3101 πολύν
1049 3057 1117 3098 τινα

80 3133 257 3214 πεποίηνται
278 3135 437 3220 λόγονκαὶ
459 3133 575 3216 πολλὴν
597 3136 785 3200 διατίθενται
809 3140 974 3220 τερατείαν.
997 3137 1117 3214 „Trois

77 3239 195 3324 cepta“
222 3238 324 3328 inquit
351 3240 527 3306 Ahrensius
555 3238 620 3306 1.σ.
643 3239 697 3316 „in
722 3261 788 3325 quo
806 3240 951 3307 Antenor
974 3239 1116 3310 Graecos

75 3343 212 3410 multum
239 3348 381 3412 adiuvit“
407 3345 570 3432 (Eustath.
593 3368 625 3433 p.
647 3343 730 3410 405:
760 3349 923 3430 Σοφοκλῆς
949 3347 1068 3432 ἱστορεῖ
1084 3349 1116 3413 ἐν

73 3442 185 3514 ἁλώσει
204 3448 303 3512 Ἰλίου
325 3451 501 3535 παρδαλέην
515 3456 572 3534 τῆς
591 3447 694 3533 θύρας
708 3454 898 3534 προτεθῆναι
920 3458 978 3520 τοῦ
995 3449 1115 3536 Ἀντή-

76 3575 165 3629 νορος
185 3550 343 3631 σι’·μβολσν
365 3559 418 3616 τρῖ
435 3552 619 3639 ἀπόρθητον
640 3557 771 3638 ἰαθῆναι
793 3551 850 3636 τὴν
872 3555 994 3641 οἰκίαν)
1015 3557 1115 3641 „quid

76 3651 192 3718 mirum
212 3654 292 3730 fuit,
322 3656 449 3739 quando
472 3656 512 3720 de
540 3659 673 3744 captivis
701 3659 742 3725 de
762 3659 863 3744 iisque
892 3661 947 3745 qui
967 3659 1114 3728 hostibus

76 3755 194 3820 auxilio
214 3759 351 3836 fuerant,
378 3758 544 3826 aGraeois
567 3763 643 3847 quid
665 3764 703 3828 iis
725 3764 904 3832 feoiendum
926 3768 1019 3844 esset,
1042 3788 1114 3832 oon-

75 3857 283 3942 stituebatur,
318 3864 345 3929 si
370 3863 587 3932 Antenoridae
620 3872 763 3955 praemia
791 3874 958 3961 poscerent
990 3871 1137 3937 urbem·

76 3985 137 4048 que
163 3961 399 4061 musandum
422 3973 585 4058 peterent,
617 3972 706 4041 euius
727 3998 792 4042 una
819 3977 873 4044 illo
893 3976 1008 4045 domus
1029 3977 1113 4043 inco
