2520 4500
134 159 177 229 24
291 239 295 244 ,
1040 226 1073 275 Q
1183 234 1187 241 ,

133 318 278 397 lucebat,
309 319 426 406 repulit
446 318 565 388 hostes.
609 321 764 388 Fortasse
789 342 875 385 nunc
894 319 1036 387 Patrocli
1064 232 1215 407 corpusa

133 424 167 499 in
190 445 315 511 scenam
330 425 575 517 apportabatur,
596 426 683 512 apud
704 424 791 512 quod
804 424 918 490 Thetis
940 447 1014 490 eum
1033 426 1066 490 in
1080 425 1182 490 Iliade

80 559 81 562 ¹
132 528 199 614 (19.
225 527 241 594 1
264 530 328 615 aq.)
347 532 478 598 invenit.
521 532 684 616 Loquitur
704 531 817 615 aliquis
837 529 878 596 de
898 551 1055 615 equorum
1075 529 1181 596 Achil-

133 634 172 699 lia
194 634 327 700 tristitia
347 636 399 720 (Il.
425 634 476 704 11.
498 633 606 722 426.):

70 734 117 803 41.
221 740 267 805 X.
302 741 387 806 Item
418 741 460 806 td
489 735 682 806 moestitiam
710 739 833 806 mitam
859 739 1016 806 infantum
1044 739 1182 826 quadru-

455 845 583 932 pedum.

72 997 76 1001 .
133 950 198 1016 Hic
219 952 328 1016 locum
349 951 448 1016 fiiiase
470 951 658 1016 crediderim
679 951 946 1016 conciliandamm
972 950 1056 1015 inter
1076 948 1183 1015 Achil·
1244 1007 1249 1017 .

133 1055 196 1120 lem
216 1058 249 1121 et
263 1054 538 1142 Agamemnonem
553 1056 791 1120 inimicitiarum
812 1054 864 1140 (ll.
883 1053 933 1120 19.
950 1052 993 1119 55
1009 1055 1079 1139 sq).
1094 1053 1182 1120 Dein

133 1160 187 1227 ille
214 1161 263 1225 ira
290 1160 494 1226 vehementer
523 1161 702 1226 concitatus
727 1160 877 1226 Troianis
907 1158 1084 1235 maledicit,
1113 1159 1195 1223 suia·

134 1268 242 1331 autem
263 1266 431 1331 victoriam
451 1266 631 1351 promittit3
656 1287 690 1331 ae
711 1266 794 1330 enim
813 1265 929 1340 vivere,
952 1285 987 1330 sc
1007 1262 1084 1331 odio
1098 1285 1183 1330 acer-

133 1369 267 1436 bissimo
287 1371 440 1435 adversus
462 1368 535 1434 illos
556 1370 684 1455 ardere:

70 1470 145 1539 42.
219 1475 286 1540 XI.
322 1474 376 1539 An
397 1473 478 1540 haec
497 1474 562 1539 iam
584 1474 676 1541 obliti
697 1473 774 1540 sdnt
794 1473 961 1561 Phryges?

134 1579 274 1646 Achilles
298 1583 435 1645 amatre
448 1601 575 1645 reversa
596 1580 732 1665 denique
743 1583 885 1645 armatus
906 1579 1058 1651 adversus
1072 1576 1183 1644 hostes

133 1685 356 1773 proficiscitur.
401 1685 456 1750 Ad
483 1685 590 1750 nuncii
619 1684 660 1749 de
689 1685 756 1749 eius
785 1684 976 1749 fortitudine
1003 1683 1182 1750 orationem

133 1790 226 1856 facile
247 1789 437 1855 trahuntur:
492 1848 493 1851 ,

70 1890 119 1958 43.
222 1895 310 1960 ΧΠ.
338 1893 484 1960 Inodrsio
504 1894 552 1958 ita
572 1896 641 1958 erat
664 1893 746 1959 toris
767 1933 811 1944 —-
918 1957 921 1964 .

70 1995 120 2063 44.
222 1999 321 2066 ΧΙΠ.
351 1998 405 2065 Ab
420 1999 521 2064 aldeae
545 1998 587 2064 ad
600 1997 713 2064 urbem
733 1997 873 2064 tendunt
893 2020 997 2084 neque
1011 1998 1175 2086 quiequtm

451 2108 561 2190 potest

292 2208 500 2297 Fulgentium
521 2231 646 2272 armum
668 2208 811 2274 armatus
834 2206 982 2273 ardorem
1003 2206 1103 2277 dbtui.

136 2315 190 2382 De
203 2317 374 2381 certamine
388 2315 471 2378 inter
482 2313 638 2378 Achillem
657 2317 690 2378 et
700 2311 875 2391 Hectorem
889 2313 941 2397 (Il.
957 2312 1010 2378 22.
1023 2312 1087 2379 306
1103 2317 1183 2402 sq.)=

70 2413 137 2484 45:
223 2421 320 2489 XIV.
342 2462 386 2472 —
406 2419 533 2488 Mirtes
555 2419 652 2485 armis
674 2417 739 2485 dito
761 2439 948 2506 congressos
970 2417 1125 2485 crederes.

224 2650 255 2707 X.
282 2651 347 2707 Non.
370 2666 394 2717 p.
414 2653 439 2706 9.
459 2653 502 2707 26.
539 2652 630 2702 Mutus
658 2653 862 2720 onomatopoeia
892 2660 929 2700 est
955 2650 1072 2698 incertae
1099 2643 1183 2701 vocis,

138 2739 217 2812 quasi
241 2741 373 2805 mugitum
398 2755 459 2788 nam
482 2749 568 2787 mutus
589 2754 670 2787 sonus
693 2749 731 2786 est
752 2738 862 2804 proprie
886 2735 935 2804 qui
954 2729 1110 2780 intellectum
1127 2742 1184 2775 non

138 2826 222 2880 tabet.
240 2821 253 2864 '-
271 2854 287 2864 -
314 2825 409 2876 Accius
436 2820 670 2889 Epinausimaelre:
697 2839 715 2875 1.
738 2837 763 2874 a.
790 2836 823 2871 m.
850 2828 965 2867 marnam
990 2812 1133 2880 infantium
1156 2829 1183 2882 q.

139 2913 212 2975 (mm
226 2927 269 3054 111.
280 2912 380 3048 Ι11111111
399 3001 537 3048 comment.
555 2995 583 3044 in'
599 3001 680 3045 metra
697 2990 849 3042 Terentiana
868 3004 893 3055 p.
912 2988 991 3048 2707,
1009 2986 1052 3042 ³3.
1090 2987 1181 3036 Varro

103 3138 105 3142 .
139 3088 168 3138 in
188 3087 254 3136 VII:
274 3084 410 3138 Cleusulas
428 3075 531 3153 quoque
548 3079 691 3150 appellatas
709 3075 810 3139 dicunt,
827 3073 902 3147 quod
917 3071 1184 3126 clauderentsenlen·

139 3175 219 3235 trem,
235 3184 264 3222 ιιι
281 3170 355 3241 apud
372 3171 492 3221 Accium:
512 3194 582 3205 -—

225 3257 276 3314 llll.
305 3257 402 3312 Charis.
423 3260 446 3312 1.
466 3272 492 3324 p.
510 3256 553 3310 93.

228 3345 290 3401 Xlll.
317 3344 383 3400 Non.
401 3358 427 3410 p.
444 3344 505 3397 495,
523 3343 566 3395 21.
603 3335 772 3388 accusativus
789 3355 895 3389 numero
919 3334 1064 3405 singularia
1079 3335 1183 3403 positus

139 3455 190 3507 pro
207 3423 322 3504 gerrili'vo
339 3429 440 3500 plurali
457 3455 469 3469 ·
487 3453 499 3467 ·
517 3425 613 3477 Accius
630 3449 643 3463 ·
661 3448 672 3462 ·
692 3419 762 3473 ldem
774 3423 986 3492 Epinausimace:
1004 3447 1073 3460 --
1093 3437 1184 3470 armo.

141 3540 199 3575 rum
217 3531 313 3575 armat.
331 3515 391 3572 ord.
410 3514 462 3570 obt.
480 3514 595 3575 (armum
611 3520 731 3562 armatus
749 3507 892 3577 1526111.)
924 3509 964 3560 lle
982 3507 1120 3575 splendore
1137 3521 1184 3558 er.
1229 3559 1232 3564 λ

142 3642 241 3679 morum
259 3621 365 3677 Achillia
384 3617 463 3671 hebel
480 3616 582 3673 Homer.
601 3614 630 3671 ll.
651 3617 692 3672 19.
712 3617 761 3670 14:
786 3592 996 3681 Μυρμιδόνας
1004 3585 1185 3674 δ’ὄραπάν-

142 3736 198 3787 τας
223 3711 270 3799 ᾗ
298 3705 433 3794 τρόμος,
461 3699 535 3768 ariell
561 3727 607 3778 τις
635 3699 704 3784 ἔτλη
737 3737 776 3749 -
807 3697 903 3782 ἄντην
931 3695 1085 3777 εἰσιδέειν,
1117 3691 1184 3759 ἀλλ’

143 3817 278 3903 ἔτρεσαν.
737 3867 740 3872 .

229 3920 297 3976 xw.
324 3917 423 3974 cruc.
438 3920 464 3985 ,1.
489 3925 514 3983 p·
539 3916 598 3970 101.
633 3913 710 3975 Duo,
735 3909 783 3960 lios
808 3907 870 3965 duo.
906 3909 1001 3960 Accius
1018 3907 1047 3958 in
1065 3905 1187 3976 apinae-

143 4005 267 4062 simacte:
287 4032 354 4045 -·-
