2520 4500
1131 154 1174 222 43

139 321 248 386 statim
276 270 400 385 hoodx
427 318 532 384 forma
558 318 701 403 corporis
724 316 865 400 facieque
872 362 882 393 ,
908 317 979 400 quis
1000 317 1084 381 esset
1105 336 1175 400 ape-

140 427 270 502 ruisset,
300 423 466 488 nunciatur
493 423 668 508 Lycomedi
689 425 723 487 et
742 418 938 487 Deidamiae.
981 418 1084 485 Scene
1103 419 1175 484 inde

140 535 209 595 erat
237 529 362 595 fabulae
388 529 421 593 in
450 527 551 614 Scyro
579 527 696 607 insula,
726 527 842 592 chorus
878 525 963 613 apud
985 523 1176 611 Sophoclem

139 635 285 720 Dolopes
310 633 479 702 Phoenicis
508 632 640 698 comites
666 622 766 699 eane.
810 630 947 696 Etiamsi
978 627 1176 696 Philoctetae

141 739 310 826 Sophoclei
329 739 475 823 analogia
489 759 666 825 repugnare
688 738 824 813 videtur,
847 757 959 801 censeo
973 739 1080 800 tamen
1095 734 1177 799 duos

141 845 193 909 hic
217 842 315 910 fuisse
343 844 555 919 arcessitores,
584 842 776 909 Phoenicem
802 845 835 907 et
862 840 1009 918 Ulixem3
1042 838 1131 904 illum
1160 861 1178 904 e

56 936 59 941 ⁵
141 950 265 1015 nomine
299 948 482 1035 tragoediae
513 946 697 1034 Sophoclis,
726 947 810 1012 hunc
838 968 856 1012 c
883 947 1026 1033 pluribus
1054 943 1178 1010 Attiani

141 1055 341 1142 Neoptolemi
373 1052 559 1140 fragmentis
588 1053 737 1138 cognosci
768 1053 851 1118 licet.
895 1051 990 1117 Adde
1012 1035 1178 1137 Sophoclis
1210 1046 1213 1053 ’
1241 1078 1244 1085 ·

139 1160 245 1226 Ιοοιιιιι
272 1161 306 1222 in
333 1158 512 1224 Philoctete
538 1157 617 1243 (343
642 1198 687 1210 -
716 1156 795 1244 347)
821 1157 877 1222 ubi
903 1158 973 1242 ipse
1000 1156 1081 1223 duos
1108 1155 1178 1221 illos

140 1266 237 1330 duces
258 1264 299 1327 ad
321 1262 457 1350 Scyrum
486 1264 650 1349 navigasse
673 1265 727 1331 ait.
771 1262 871 1343 Quod
896 1261 1080 1331 Welckerus
1101 1260 1179 1325 veri-

140 1369 243 1434 simile
263 1367 393 1445 iudicat,
415 1369 501 1454 apud
524 1367 686 1435 Graecum
706 1372 835 1455 poetam
857 1391 956 1434 unum
976 1366 1178 1440 Phoenicem,

141 1473 228 1559 apud
241 1474 396 1538 Latinum
416 1496 516 1538 unum
530 1473 650 1538 Ulixen
670 1474 812 1559 legatum
832 1472 1050 1539 introductum
1070 1469 1178 1547 fixisse,

141 1564 178 1643 ei
190 1577 280 1644 locus
302 1576 497 1663 Sophocleus
518 1577 616 1643 modo
637 1577 753 1642 allatus
781 1578 983 1654 adversatur,
1010 1580 1044 1642 et
1068 1578 1180 1642 nostro

141 1683 226 1748 nulla
247 1683 375 1748 omnino
396 1704 493 1750 causa
512 1681 654 1747 fabulam
675 1684 722 1746 ita
742 1682 885 1746 variandi
907 1679 1140 1768 suppeditabat.

226 1787 314 1853 Puto
341 1788 588 1876 Neoptolemum
617 1788 712 1852 duces
733 1810 752 1852 a
781 1787 891 1853 littore
916 1787 958 1850 ad
986 1785 1109 1872 regiam
1129 1785 1181 1850 ad·

142 1891 280 1968 duxisse,
303 1890 358 1955 ubi
378 1915 398 1956 a
412 1893 569 1977 colloquio
589 1893 683 1958 hasce
704 1894 789 1959 inter
807 1897 873 1958 tres
888 1912 1041 1979 personas
1058 1893 1181 1976 tragoe

140 1997 195 2060 dia
217 1995 343 2061 initium
365 1997 493 2083 ceperit.
524 1998 674 2062 Iuvenem
694 2001 810 2083 sponte
829 1999 893 2062 iam
907 2000 1058 2083 paratum
1080 1994 1181 2082 magis

139 2102 237 2166 etiam
266 2101 364 2187 legati
392 2101 434 2166 ad
454 2102 685 2188 profectionem
706 2102 863 2180 alliciunt,
894 2124 959 2187 quo
987 2100 1127 2177 facilius,
1155 2101 1182 2163 si

140 2227 222 2289 opus
259 2206 360 2284 foret,
397 2207 583 2293 parentibus
615 2208 711 2272 etiam
747 2208 871 2284 invitis,
911 2228 984 2271 eum
1012 2205 1181 2291 abripiant.

112 2331 114 2338 ·
144 2305 253 2386 Quare
279 2311 424 2376 Phoenix
452 2312 594 2397 loquitur
623 2311 663 2377 de
691 2312 795 2398 gloria
822 2311 1040 2399 adipiscenda,
1070 2309 1183 2377 Ulixes

20 2448 26 2457 ·-
41 2458 55 2503 ,ἶ
94 2465 98 2471 .
142 2414 304 2498 promittit
324 2437 414 2479 arma
441 2417 552 2502 patris.
595 2416 794 2482 Difficillima
821 2417 988 2503 legationis
1016 2418 1184 2501 parserat

20 2520 49 2577 ι’,-
142 2514 367 2602 proculdubio
381 2522 525 2597 matrem,
547 2542 630 2605 quae
643 2520 766 2586 Achille
788 2526 915 2587 mortuo
936 2519 1183 2606 Neoptolemum

142 2621 245 2706 magis
255 2622 351 2686 etiam
363 2623 499 2701 amabat,
513 2646 551 2689 eo
565 2624 731 2701 adducere,
742 2628 780 2691 ut
792 2626 831 2691 de
840 2626 896 2691 filii
906 2626 1102 2714 proiectione
1113 2646 1184 2691 con-

141 2727 283 2805 sentiret.
306 2726 432 2792 Hoet
394 2730 432 2792 ut
441 2732 555 2816 perpet
555 2752 590 2795 re
590 2729 728 2796 tdolum
740 2728 920 2817 adhibuisse
934 2730 1021 2796 videt
1006 2733 1061 2795 tur
1071 2729 1184 2797 Ulixes

117 2831 309 2911 simulans,
341 2834 594 2922 Lycomedem
585 2857 649 2899 ram
670 2857 739 2900 esse
762 2857 942 2913 assensum,
965 2839 998 2901 et
1020 2835 1183 2903 utverisi-

145 2935 224 3000 milis
245 2960 282 3002 ea
302 2959 354 3004 res
375 2939 525 3004 redderet
510 2943 573 3017 t,ur
596 2943 695 3027 poeta
715 2937 821 3027 aliqua
842 2941 882 3007 de
904 2963 999 3007 causa
1020 2941 1183 3019 absentem

145 3036 228 3105 hunc
246 3042 397 3122 finxerat,
424 3045 524 3111 veluti
544 3046 679 3111 venandi
699 3045 814 3131 gratia.
858 3045 1046 3112 Deidamiae
1073 3045 1183 3132 igitur,

145 3143 201 3237 ubi
222 3166 240 3211 e
259 3148 348 3233 regia
365 3151 522 3234 processit
545 3187 585 3199 -

74 3269 127 3338 85·
230 3251 258 3319 I.
284 3250 394 3336 Atque
415 3252 495 3319 ideo
516 3254 623 3320 valvas
645 3253 757 3341 sinere
777 3256 861 3320 sensi
881 3254 986 3341 regias

145 3394 185 3407 -·-
209 3356 286 3442 quid
307 3355 488 3443 postulent,
510 3358 607 3426 duces
630 3362 850 3447 pronunciant
894 3360 1093 3447 Ignominise
1114 3380 1184 3424 esse
1227 3357 1232 3375 '

142 3461 208 3529 filio
230 3461 351 3540 otium,
373 3462 451 3528 dum
471 3467 564 3551 pater
582 3465 703 3532 inultus
725 3467 867 3541 maneat3
889 3485 963 3530 nam

230 3795 249 3855 l.
272 3798 338 3852 Non.
356 3814 381 3866 p.
400 3802 460 3854 505.
480 3802 521 3853 12.
547 3800 645 3850 Seuere
663 3827 679 3839 -
696 3827 711 3840 -
730 3803 823 3850 Accaus
841 3799 1023 3867 Neoptolemo:
1038 3826 1119 3853 -·-.
1131 3799 1182 3856 CA:

144 3881 230 3949 Atque
248 3885 330 3939 sdec
347 3887 375 3937 in
392 3888 449 3952 ipso
468 3893 584 3952 temporo
608 3899 696 3937 secum
718 3884 832 3943 obviam.
868 3884 923 3940 Ter.
942 3886 1021 3943 Andr.
1045 3886 1071 3944 3.
1093 3887 1119 3940 2.
1136 3890 1179 3944 52.

142 3968 217 4022 Adeo
236 3978 275 4022 cst
291 3981 404 4027 nostrum
424 3972 569 4027 encliticam
589 3971 667 4039 ‚pa‘u‘
686 3987 711 4028 v.
730 3988 756 4040 g.
775 3972 808 4025 ds
826 3973 860 4025 ist
877 3988 905 4025 or
919 3972 955 4038 ja
972 3973 1063 4026 sallat!

1005 4314 1099 4451 Q
