2520 4500
1136 155 1179 222 67

147 342 151 354 ²
207 318 355 383 1Aulaeo
385 338 495 404 presso
516 316 722 403 Pylaemenes
751 336 877 381 scenam
905 315 1065 400 ingressus
1088 335 1182 401 expo

145 421 413 499 suae-videtur,
443 443 499 486 our
526 420 588 485 hoe
616 420 687 507 ipso
716 422 861 506 temporo
885 418 931 483 ad·
955 418 1036 483 hano
1061 422 1182 484 terram

145 526 314 614 appulerit.
357 525 497 592 Enarrat
527 547 680 611 quaenam
710 523 793 588 mala
813 545 926 611 passus
948 546 1020 588 oum
1043 524 1108 587 suis
1129 545 1182 610 pa-

143 631 239 696 triam
261 630 436 715 relinquere
457 629 611 695 debuerit.
655 628 741 694 Dein
762 629 854 693 nimis
873 627 1119 714 gloriabundus:

74 736 178 806 123
230 736 256 802 1.
285 734 431 821 Namque
458 734 522 799 hdo
548 735 681 799 advenio
709 736 747 798 ut
775 733 846 797 me'a
874 755 935 819 ope
963 743 1041 837 ψ
1060 732 1183 798 Troiae

251 870 253 875 ¹
430 840 623 925 antegrem

143 944 253 1013 Multa
274 946 369 1009 etiam
391 945 489 1008 iactat
505 944 581 1007 de
571 945 671 1030 1psius
687 964 879 1028 suorumque
900 943 1096 1020 fortitudine,
1120 963 1184 1028 qua

144 1049 235 1115 facile
256 1048 402 1114 hostibus
424 1052 580 1113 terrorem
601 1048 757 1113 incussuri
778 1049 859 1112 sint:
947 1064 949 1068 ·
1216 1091 1217 1095 ,

59 1144 140 1225 '124
224 1154 276 1220 fl.
307 1153 460 1219 Fortdsse
481 1155 522 1216 au
543 1155 623 1231 sint,
654 1151 733 1238 quds
754 1153 806 1217 hie
827 1176 892 1217 non
913 1153 1030 1217 mertdt
1051 1154 1176 1217 metus?

143 1258 252 1344 Magis
275 1258 439 1343 magisque
462 1257 636 1322 effervescit
657 1257 690 1321 in
706 1257 848 1336 dicendo,
871 1258 1040 1343 quodiam
1062 1258 1185 1321 num'eri

142 1385 293 1429 versuum
317 1361 474 1426 indicant:

77 1470 140 1537 125
232 1465 294 1531 111.
316 1505 360 1516 -
518 1463 605 1544 Quin
626 1470 683 1530 aut
703 1467 830 1533 illorum
851 1467 957 1554 odpias

300 1569 448 1634 Fdndam
476 1571 509 1633 in
536 1592 648 1655 eampo
677 1574 734 1635 aut
760 1573 849 1636 ndvis
876 1595 967 1637 uram
993 1576 1050 1637 aut
1077 1573 1184 1638 eastra

423 1759 426 1765 Ι
456 1672 603 1766 mactabo
625 1675 659 1739 ln
679 1697 776 1742 mare.

143 1781 232 1848 Dum
260 1802 328 1845 sese
358 1783 473 1865 parant
499 1778 688 1844 Henetiad
718 1778 807 1844 urbis'
839 1766 1018 1866 ingressum
1051 1781 1185 1845 nuncius

144 1885 295 1973 adcurrit·
471 1943 473 1948 ,

78 1994 141 2062 126
230 1966 290 2057 Ν.
319 1956 386 2053 de
408 1988 477 2073 quis
507 1986 559 2051 hie
586 1991 635 2051 est
667 1989 720 2072 qui
746 1970 941 2079 didtutinum
967 1974 1097 2088 cdrsum
1123 1990 1186 2068 huo

457 2092 641 2157 celerant’
578 2095 630 2156 ter
650 2096 735 2180 raprt
711 2093 753 2157 'tl

148 2197 212 2264 Hie
233 2203 371 2265 mortem
397 2197 634 2285 Pylaemenis
625 2220 658 2261 ιιι
658 2201 781 2263 textam
806 2199 903 2265 firisse
929 2201 1051 2288 opinor.
1096 2201 1185 2279 Dux,

149 2302 204 2388 qui
227 2304 333 2391 paullo
355 2307 428 2368 ante
450 2306 517 2366 tam
546 2302 684 2389 gloriose
707 2304 746 2368 de
769 2327 802 2369 se
823 2305 1074 2391 praedicaverat,
1102 2329 1187 2373 nuno

146 2402 230 2474 nova
249 2411 397 2475 fortunae
412 2407 628 2471 vicissitudine
649 2407 763 2471 ultima
786 2408 897 2474 salutis
911 2409 1105 2496 honorisque
1129 2432 1187 2498 spe

146 2512 293 2590 orbatus,
324 2535 421 2597 quum
446 2512 552 2597 patria
578 2512 694 2575 amissa
720 2513 855 2589 nesciat,
884 2536 947 2599 quo
974 2537 1043 2580 sese
1070 2518 1185 2594 vertat,

145 2618 222 2705 quin
248 2619 345 2683 etiam
376 2618 489 2704 timere
516 2618 646 2681 coaetus
676 2617 719 2681 sit
745 2638 786 2682 ue
816 2615 1014 2684 Graecorum
1042 2621 1186 2706 captivus

145 2720 216 2802 liat,
246 2725 339 2788 tants
363 2721 535 2808 corripitur
564 2721 800 2808 desperatione,
828 2728 866 2790 ut
887 2748 906 2788 a
926 2725 994 2791 vita
1019 2725 1187 2792 inhoneste

152 3022 154 3027 .
233 2987 256 3046 l,
281 2986 348 3043 llon.
367 3002 391 3054 p.
414 2989 472 3041 227.
492 2990 516 3040 2.
554 2987 692 3054 integrare
719 2987 933 3059 redintegrare·
953 3021 968 3033 -
987 2993 1081 3042 Accius
1104 2997 1185 3041 Ante·

150 3069 266 3123 nereidas:
284 3095 310 3133 η,
328 3074 353 3132 h,
372 3075 477 3124 invenio
496 3090 520 3125 ιι.
539 3089 572 3128 m.
592 3091 616 3128 ο.
637 3091 661 3129 ο,
682 3074 788 3142 Trogus
807 3080 825 3135 i,
847 3079 978 3148 (Namque
995 3077 1061 3128 haee
1078 3085 1138 3129 ante
1153 3077 1185 3135 M.

149 3184 179 3200 ·
199 3171 278 3229 togae
294 3171 353 3215 ante
370 3161 414 3225 ll.)
443 3160 551 3210 Invenio
570 3174 617 3224 pro
636 3159 777 3213 advenio
796 3179 921 3232 nusquam
941 3164 1026 3217 lorum
1045 3165 1131 3222 habet.

232 3264 263 3324 ll.
289 3267 399 3333 Nonp.
419 3266 537 3319 13332.
569 3263 707 3331 Mertaret,
726 3281 861 3336 mergeret.
889 3273 984 3322 Accius
998 3269 1186 3323 Antenorr'dis:

141 3351 294 3417 fortassean
312 3357 363 3416 sit,
381 3371 447 3424 quos
465 3351 491 3401 h.
508 3369 535 3406 n.
555 3354 587 3407 m.
606 3371 638 3410 m,
657 3355 714 3418 (sid
729 3355 804 3428 quod
819 3355 894 3421 LAl.)
916 3356 972 3414 Ch:
996 3344 1114 3410 Mertai
1138 3372 1185 3424 pro

144 3451 265 3495 mersat
283 3442 411 3492 dicebant.
447 3437 540 3490 Festus
556 3453 581 3503 p.
601 3443 658 3500 124,

230 3529 273 3584 lll.
299 3527 365 3582 N0ss·
383 3542 408 3594 Ρ.
424 3527 483 3586 341.
504 3533 546 3594 16,
584 3539 704 3587 Mactare
721 3535 904 3603 praecipitare,
933 3535 1026 3584 Accius
1043 3539 1186 3584 Antenora·

145 3611 198 3662 dis:
222 3617 270 3686 qui
286 3626 332 3667 aut
351 3641 417 3653 --
439 3619 550 3690 (quievit
569 3623 673 3673 illoram
695 3625 786 3692 copias
802 3619 832 3677 B.
854 3647 884 3658 -
903 3622 966 3692 quia
984 3632 1030 3672 aar
1049 3635 1092 3688 mg
1109 3617 1142 3682 l.)

231 3718 270 3775 Ν.
295 3718 361 3772 Non.
380 3737 404 3787 p
424 3725 483 3777 5¹3
503 3726 546 3780 23.
583 3727 733 3776 celeranter
754 3745 806 3794 pro
832 3726 957 3782 celerater.
993 3726 1087 3776 Accius
1112 3737 1187 3776 teno-

145 3799 228 3851 ndis.-
247 3831 314 3846 --
339 3810 524 3874 (Antenoridis
547 3811 664 3869 edd-
631 3829 706 3868 -.c
733 3816 813 3882 capit.
838 3829 885 3869 ms
911 3812 991 3869 Palae.
1013 3814 1107 3880 prino.)
1132 3809 1185 3866 cf..

144 3887 286 3954 Rapere..
293 3910 402 3951 cursum.
440 3895 534 3950 lucan.
552 3903 576 3953 5.
595 3901 660 3961 103,
678 3901 757 3952 viam
775 3899 849 3952 ovid.
868 3900 926 3952 ller.
946 3903 986 3955 19.
1006 3903 1048 3964 74,
1066 3901 1123 3952 iter
1140 3896 1186 3952 Sil

147 3976 409 4055 raderamnus.
446 3984 584 4042 loronii.
605 3989 662 4044 116.
727 4020 730 4027 ·
