2520 4500
98 137 141 205 44

29 294 82 377 86
188 296 290 362 Π.-
305 295 468 361 Decomre
489 299 539 360 est
560 297 660 362 setius
682 297 840 363 tumulum
861 258 983 365 tedniis.

98 399 258 467 Accedere
279 401 384 477 aiunt,
409 401 525 484 quod
516 423 580 465 mm
602 401 801 487 Lycomedes

29 476 82 549 8⁷
186 505 250 573 111
458 504 526 570 uu
547 505 625 569 nim

257 609 383 676 Contrt
403 611 560 675 rationem
572 618 720 696 tequam
741 611 854 679 hdbuit
873 613 1014 679 adsensit
1036 614 1138 728 sileus.

99 716 265 782 Persuasit
287 718 316 780 ei

30 803 83 873 88·
185 823 302 888 lv.-
318 820 412 886 Verit
413 821 526 886 ttis
495 843 544 886 vis
565 823 661 905 atque
683 821 807 889 toritas.

98 927 285 994 Deidamiae
306 926 449 1010 querelas
471 925 634 990 audimus:

30 1017 83 1084 89·
187 1033 230 1100 V.
264 1030 330 1096 Sed
352 1030 447 1116 quem
469 1029 547 1094 mihi
567 1031 715 1117 iungent‚
746 1031 797 1095 oui
819 1052 900 1116 quse
926 1052 998 1097 cum
1019 1031 1073 1099 illo
1094 1031 1141 1096 fit-

249 1145 251 1149 '
414 1136 493 1200 erim
515 1135 670 1222 dignabor
690 1135 780 1200 duri?

101 1237 255 1303 Eiusdem
277 1238 375 1305 verba
395 1240 530 1304 fuerint:

31 1333 83 1401 90·
189 1343 248 1410 VI.
277 1343 377 1409 Haud
399 1344 568 1430 quisquam
588 1345 675 1431 potis
696 1348 745 1410 est
730 1343 900 1410 ttdlerere
922 1344 1141 1410 acrittidinem.

100 1447 260 1513 Dum't1ta
289 1452 356 1514 mat
357 1472 392 1514 er
341 1449 533 1514 tmalem
555 1472 645 1514 suom
672 1449 834 1514 fortunam
863 1450 1017 1537 deploret,
1045 1430 1143 1536 legati

102 1555 249 1618 autem
240 1577 272 1619 ιιι
294 1577 332 1620 eo
361 1557 435 1619 sunt
465 1554 771 1641 utNeoptolcmum
794 1553 968 1632 obducant,
999 1577 1143 1640 superve-

102 1660 185 1723 nerit
213 1660 422 1746 Lycomedes.
469 1658 572 1725 Cuius
605 1660 713 1725 odium
742 1660 893 1724 adversus
923 1658 1064 1725 Graecos
1093 1681 1143 1724 co

101 1766 283 1851 gnoscimus
306 1787 346 1830 ex
367 1763 489 1829 verbis:

31 1858 83 1928 91·
187 1870 264 1936 VH.
293 1869 395 1935 Dole't
416 1867 580 1955 pudetque
601 1866 739 1934 Graiium
761 1890 812 1933 me
833 1871 867 1933 et
886 1867 962 1934 verd
983 1869 1083 1955 piget.

100 1973 350 2042 Vehementibus
372 1973 476 2039 verbis
498 1973 594 2038 duces
615 1972 704 2039 iubet
725 1972 826 2053 abire,
849 1973 945 2038 alium
968 1972 1030 2038 sibi
1050 1995 1138 2060 quoe

101 2100 187 2157 rere,
210 2083 382 2166 postquem
403 2078 605 2165 Neoptolemi
625 2082 751 2165 patrem
771 2078 977 2166 perdiderint.
1020 2078 1086 2144 Illi:

188 2341 220 2399 ll,
244 2341 312 2399 Fesl.
337 2358 362 2407 p.
386 2344 445 2399 ³60.
483 2342 597 2395 Taenioe
623 2344 750 2394 Graecum
773 2359 865 2394 vocem
889 2343 926 2393 sic
949 2326 1143 2412 interpretatur

103 2430 209 2482 Verrius
227 2441 255 2480 ut
273 2428 346 2480 dieat
365 2441 546 2481 ornamentum
565 2448 619 2481 esee
640 2430 743 2480 laneum
761 2431 857 2499 capitis
880 2428 1008 2479 honorati
1023 2459 1038 2470 -
1057 2456 1072 2468 -
1092 2434 1142 2479 Ac-

102 2518 197 2570 clusin
211 2517 397 2587 Neoptolemo:
416 2518 551 2569 Decorum
564 2519 707 2580 oetentiae,
728 2534 806 2588 quom
819 2516 906 2568 urbem
919 2517 1018 2567 exeneis
1035 2516 1143 2578 (taeniis

101 2605 160 2661 Alc.
179 2622 222 2672 vg.
242 2633 274 2642 -
293 2603 326 2654 ab
344 2623 356 2654 e
374 2607 469 2656 taeniis
486 2602 540 2658 Urs.
560 2606 586 2655 in
604 2606 669 2672 mg.)
703 2585 825 2655 Botliius:
849 2602 975 2652 tumulum
992 2600 1018 2655 d,
1037 2619 1057 2654 e,
1076 2618 1097 2651 s.
1116 2617 1142 2666 q.

101 2710 127 2748 u.
145 2704 165 2747 t.
200 2691 325 2758 Equidem
347 2707 448 2742 sensum
467 2707 519 2742 non
537 2692 675 2757 perspicio,
694 2691 795 2742 etiamsi
811 2687 899 2741 Nucll.
911 2694 1011 2737 ucutsm
1029 2680 1142 2748 appellet

102 2779 169 2844 huuc
188 2780 369 2834 coniecturam.
405 2776 499 2830 Urbem
519 2779 612 2828 taeniis
631 2773 773 2826 decorare?

189 2877 231 2939 lll.
255 2881 321 2934 Non.
355 2896 379 2945 p.
409 2882 469 2934 469.
508 2878 550 2932 16.
584 2873 709 2925 Adsensit
743 2883 780 2922 est
810 2883 836 2921 et
870 2873 1011 2940 passivum.
1049 2877 1143 2922 Accaus

101 2971 282 3042 Neoptolemo:
303 2986 328 3023 u.
346 2985 372 3022 n.
391 2982 414 3022 o,
432 2983 455 3020 r,
473 2975 577 3033 etquam
595 2960 620 3014 h.
639 2978 664 3015 a,
683 2979 705 3015 s.

190 3075 231 3127 lv,
256 3068 323 3128 Non.
342 3087 366 3139 p.
384 3073 445 3125 493.
464 3071 506 3123 14.
531 3068 646 3120 Acritas.
666 3063 760 3116 Accius
778 3064 966 3134 Neoptolemo:
983 3065 1025 3113 vis
1041 3061 1144 3113 verito-

102 3164 137 3213 tie
164 3174 244 3232 atque
267 3163 368 3212 acratas
390 3154 577 3223 (Neoptolemo
605 3154 647 3210 W,
667 3180 699 3190 -
718 3152 758 3202 ius
779 3152 902 3203 veritatis
928 3150 1021 3216 princ.)
1049 3145 1088 3200 Cl.
1111 3147 1144 3204 Α.

103 3247 168 3304 Gell.
187 3246 217 3303 N.
236 3249 268 3302 Α.
288 3247 330 3310 tc,
349 3247 373 3301 3.
391 3244 424 3296 2:
460 3243 548 3292 Attius
565 3243 594 3292 in
611 3239 782 3310 Neoptolemo
800 3238 906 3306 scripsit
923 3236 1031 3291 ncrit'os.

192 3351 223 3408 V.
245 3350 311 3406 Non.
338 3320 451 3415 11:281.
476 3340 501 3400 4'.
537 3345 672 3413 Dignatus
695 3340 830 3413 n'gnfieat
853 3340 950 3410 dignus
974 3339 1077 3391 tatinus
1096 3369 1110 3379 -
1130 3370 1145 3380 -

104 3441 199 3491 Accius
221 3440 250 3489 in
277 3434 463 3505 Neoptolemo:
487 3450 508 3488 s.
533 3450 559 3504 q.
581 3449 614 3488 m.
641 3433 659 3486 ι’.
682 3432 770 3501 tuique
795 3443 824 3480 tu
852 3429 897 3480 illo
913 3425 1036 3497 suerint,
1067 3422 1092 3478 tl.
1117 3424 1146 3480 d.
1221 3502 1226 3510 .

104 3528 213 3596 (cuique
232 3537 262 3576 tu
279 3525 325 3586 A.)
343 3521 454 3574 Rcfinxit
472 3535 575 3572 versum
594 3518 727 3571 llcrcerus.

190 3611 229 3668 vt.
248 3610 317 3668 Fest.
335 3627 362 3677 p.
388 3612 448 3665 356.
486 3607 611 3660 Tolerore
634 3608 765 3676 patienter
779 3603 867 3674 serre.
905 3602 997 3652 Accius
1022 3599 1051 3648 in
1077 3598 1147 3648 Neo·

102 3698 232 3769 ptolemo:
251 3712 297 3750 aut
316 3701 454 3768 quiequam
471 3715 498 3765 p.
516 3713 536 3750 e,
555 3707 573 3751 t,
592 3713 617 3750 a.
641 3693 718 3757 (haut
735 3693 762 3742 in
780 3706 833 3757 mg.
851 3687 922 3751 Urs.)

190 3801 240 3858 Vll.
264 3801 329 3857 Non.
348 3817 374 3869 p.
394 3804 454 3856 424.
472 3802 497 3855 2.
534 3797 617 3850 Pudet
641 3809 666 3848 et
686 3799 759 3865 piget
773 3792 830 3843 'ltoc
853 3790 952 3842 delitet:
980 3784 1058 3855 pudet
1076 3788 1145 3836 enim

104 3888 277 3944 verecundiae
301 3902 353 3952 eet,
376 3891 467 3959 pigere
490 3886 665 3954 poenitentiae
684 3912 698 3923 -
714 3911 729 3921 -
753 3880 845 3931 Accius
872 3873 1057 3944 Neoptolemo:
1082 3870 1147 3923 dcet

103 3976 236 4049 pudetque
254 3978 378 4046 gravium
396 3993 434 4027 me
453 3987 476 4025 et
495 3990 520 4029 v.
538 3990 564 4040 p.
593 3971 654 4041 (qui
667 3967 803 4037 genuerim
820 3979 871 4032 mg.
889 3961 922 4026 1.)
