<?xml version="1.0" encoding="UTF-8"?>
<!DOCTYPE html PUBLIC "-//W3C//DTD XHTML 1.0 Transitional//EN"
    "http://www.w3.org/TR/xhtml1/DTD/xhtml1-transitional.dtd">
<html xmlns="http://www.w3.org/1999/xhtml" xml:lang="en" lang="en">
 <head>
  <title>
</title>
<meta http-equiv="Content-Type" content="text/html;charset=utf-8" />
  <meta name='ocr-system' content='tesseract 3.04.00' />
  <meta name='ocr-capabilities' content='ocr_page ocr_carea ocr_par ocr_line ocrx_word'/>
</head>
<body>
  <div class='ocr_page' id='page_1' title='image "./lattiifragmenta00cramgoog_0048.png"; bbox 0 0 2520 4500; ppageno 0'>
   <div class='ocr_carea' id='block_1_1' title="bbox 632 40 705 147">
    <p class='ocr_par' dir='ltr' id='par_1_1' title="bbox 632 40 705 147">
     <span class='ocr_line' id='line_1_1' title="bbox 632 40 705 147; baseline 0 -92"><span class='ocrx_word' id='word_1_1' title='bbox 632 40 705 147; x_wconf 41' lang='lat' dir='ltr'>W</span> 
     </span>
    </p>
   </div>
   <div class='ocr_carea' id='block_1_2' title="bbox 1129 171 1171 239">
    <p class='ocr_par' dir='ltr' id='par_1_2' title="bbox 1129 171 1171 239">
     <span class='ocr_line' id='line_1_2' title="bbox 1129 171 1171 239; baseline 0 0"><span class='ocrx_word' id='word_1_2' title='bbox 1129 171 1171 239; x_wconf 80' lang='lat'><strong>35</strong></span> 
     </span>
    </p>
   </div>
   <div class='ocr_carea' id='block_1_3' title="bbox 88 325 1177 2617">
    <p class='ocr_par' dir='ltr' id='par_1_3' title="bbox 131 325 1174 834">
     <span class='ocr_line' id='line_1_3' title="bbox 131 325 1170 421; baseline -0.005 -20"><span class='ocrx_word' id='word_1_3' title='bbox 131 333 257 421; x_wconf 82' lang='lat' dir='ltr'><strong>vestigii</strong></span> <span class='ocrx_word' id='word_1_4' title='bbox 266 332 416 419; x_wconf 55' lang='lat' dir='ltr'><strong>ffifferunt</strong></span> <span class='ocrx_word' id='word_1_5' title='bbox 437 369 480 380; x_wconf 80' lang='lat'><em>-</em></span> <span class='ocrx_word' id='word_1_6' title='bbox 502 327 635 416; x_wconf 77' lang='lat' dir='ltr'>praebet</span> <span class='ocrx_word' id='word_1_7' title='bbox 664 327 807 393; x_wconf 83' lang='lat' dir='ltr'><strong>narratio</strong></span> <span class='ocrx_word' id='word_1_8' title='bbox 826 325 990 393; x_wconf 81' lang='lat' dir='ltr'><strong>Eustathii</strong></span> <span class='ocrx_word' id='word_1_9' title='bbox 1011 329 1052 394; x_wconf 85' lang='lat' dir='ltr'><strong>od</strong></span> <span class='ocrx_word' id='word_1_10' title='bbox 1072 328 1170 396; x_wconf 90' lang='lat' dir='ltr'><strong>Hom.</strong></span> 
     </span>
     <span class='ocr_line' id='line_1_4' title="bbox 132 427 1173 518; baseline -0.011 -11"><span class='ocrx_word' id='word_1_11' title='bbox 132 441 197 507; x_wconf 91' lang='lat' dir='ltr'><strong>Od.</strong></span> <span class='ocrx_word' id='word_1_12' title='bbox 224 438 273 505; x_wconf 83' lang='grc'><strong>11.</strong></span> <span class='ocrx_word' id='word_1_13' title='bbox 296 434 378 502; x_wconf 76' lang='lat'>547:</span> <span class='ocrx_word' id='word_1_14' title='bbox 406 433 503 518; x_wconf 58' lang='grc' dir='ltr'><strong>ἕτερον</strong></span> <span class='ocrx_word' id='word_1_15' title='bbox 530 433 566 496; x_wconf 76' lang='grc' dir='ltr'><strong>δέ</strong></span> <span class='ocrx_word' id='word_1_16' title='bbox 594 455 706 516; x_wconf 78' lang='grc' dir='ltr'><strong>φασιν,</strong></span> <span class='ocrx_word' id='word_1_17' title='bbox 730 427 779 494; x_wconf 79' lang='grc' dir='ltr'><strong>ὅτι</strong></span> <span class='ocrx_word' id='word_1_18' title='bbox 809 430 947 515; x_wconf 68' lang='grc' dir='ltr'><strong>ἐπίτηδες</strong></span> <span class='ocrx_word' id='word_1_19' title='bbox 963 429 1173 517; x_wconf 72' lang='grc' dir='ltr'><em>Ἀγαμέμνων</em></span> 
     </span>
     <span class='ocr_line' id='line_1_5' title="bbox 131 531 1171 628; baseline -0.006 -20"><span class='ocrx_word' id='word_1_20' title='bbox 131 541 366 628; x_wconf 80' lang='grc' dir='ltr'><strong><em>φυλαττόμενος</em></strong></span> <span class='ocrx_word' id='word_1_21' title='bbox 395 537 432 603; x_wconf 81' lang='grc' dir='ltr'><strong>τὸ</strong></span> <span class='ocrx_word' id='word_1_22' title='bbox 463 535 551 614; x_wconf 79' lang='grc' dir='ltr'><strong><em>δόξαν</em></strong></span> <span class='ocrx_word' id='word_1_23' title='bbox 582 534 708 623; x_wconf 71' lang='grc' dir='ltr'><strong><em>θατέρῳ</em></strong></span> <span class='ocrx_word' id='word_1_24' title='bbox 736 540 800 598; x_wconf 73' lang='grc' dir='ltr'><strong>τῶν</strong></span> <span class='ocrx_word' id='word_1_25' title='bbox 830 531 940 618; x_wconf 73' lang='grc' dir='ltr'><em>ἡρώων</em></span> <span class='ocrx_word' id='word_1_26' title='bbox 968 538 1171 620; x_wconf 72' lang='grc' dir='ltr'><strong><em>χαρίσασθαι,</em></strong></span> 
     </span>
     <span class='ocr_line' id='line_1_6' title="bbox 132 636 1173 730; baseline -0.006 -19"><span class='ocrx_word' id='word_1_27' title='bbox 132 643 346 730; x_wconf 74' lang='grc' dir='ltr'><strong><em>αἰχμαλώτους</em></strong></span> <span class='ocrx_word' id='word_1_28' title='bbox 373 649 437 708; x_wconf 74' lang='grc' dir='ltr'><strong>τῶν</strong></span> <span class='ocrx_word' id='word_1_29' title='bbox 459 638 578 725; x_wconf 75' lang='grc' dir='ltr'><em>Τρώων</em></span> <span class='ocrx_word' id='word_1_30' title='bbox 599 637 780 722; x_wconf 75' lang='grc' dir='ltr'><strong>συναγαγὼν</strong></span> <span class='ocrx_word' id='word_1_31' title='bbox 799 637 892 723; x_wconf 71' lang='grc' dir='ltr'><strong><em>ἤρετο</em></strong></span> <span class='ocrx_word' id='word_1_32' title='bbox 915 638 1038 716; x_wconf 73' lang='grc' dir='ltr'><strong><em>αὐτούς,</em></strong></span> <span class='ocrx_word' id='word_1_33' title='bbox 1061 636 1173 705; x_wconf 80' lang='grc' dir='ltr'><strong><em>ὁπότε-</em></strong></span> 
     </span>
     <span class='ocr_line' id='line_1_7' title="bbox 133 740 1174 834; baseline -0.006 -20"><span class='ocrx_word' id='word_1_34' title='bbox 133 775 187 834; x_wconf 79' lang='grc' dir='ltr'><strong>ρος</strong></span> <span class='ocrx_word' id='word_1_35' title='bbox 217 755 280 811; x_wconf 76' lang='grc' dir='ltr'><strong>τῶν</strong></span> <span class='ocrx_word' id='word_1_36' title='bbox 309 746 369 813; x_wconf 83' lang='grc' dir='ltr'><strong>δύο</strong></span> <span class='ocrx_word' id='word_1_37' title='bbox 392 744 509 811; x_wconf 77' lang='grc' dir='ltr'><strong>τούτων</strong></span> <span class='ocrx_word' id='word_1_38' title='bbox 540 740 651 829; x_wconf 80' lang='grc' dir='ltr'><em>ἡρώων</em></span> <span class='ocrx_word' id='word_1_39' title='bbox 683 741 761 826; x_wconf 81' lang='grc' dir='ltr'><em>πρὸς</em></span> <span class='ocrx_word' id='word_1_40' title='bbox 792 747 886 805; x_wconf 77' lang='grc' dir='ltr'><strong><em>κακοῦ</em></strong></span> <span class='ocrx_word' id='word_1_41' title='bbox 917 749 1036 825; x_wconf 76' lang='grc' dir='ltr'><em>μᾶλλον</em></span> <span class='ocrx_word' id='word_1_42' title='bbox 1069 743 1174 819; x_wconf 77' lang='grc' dir='ltr'><strong><em>αὐτοῖς</em></strong></span> 
     </span>
    </p>

    <p class='ocr_par' dir='ltr' id='par_1_4' title="bbox 88 833 1174 1252">
     <span class='ocr_line' id='line_1_8' title="bbox 88 833 1174 938; baseline -0.006 -20"><span class='ocrx_word' id='word_1_43' title='bbox 88 833 91 838; x_wconf 88' lang='lat'>.</span> <span class='ocrx_word' id='word_1_44' title='bbox 132 855 256 938; x_wconf 76' lang='grc' dir='ltr'><strong>ἐγένετο·</strong></span> <span class='ocrx_word' id='word_1_45' title='bbox 286 859 350 920; x_wconf 82' lang='grc' dir='ltr'><strong>τῶν</strong></span> <span class='ocrx_word' id='word_1_46' title='bbox 371 851 405 915; x_wconf 77' lang='grc' dir='ltr'><strong>δὲ</strong></span> <span class='ocrx_word' id='word_1_47' title='bbox 431 846 579 912; x_wconf 76' lang='grc' dir='ltr'><strong>εἶάόντων</strong></span> <span class='ocrx_word' id='word_1_48' title='bbox 599 843 681 922; x_wconf 70' lang='grc' dir='ltr'><strong>(ἕςὸ</strong></span> <span class='ocrx_word' id='word_1_49' title='bbox 709 845 898 927; x_wconf 72' lang='grc' dir='ltr'><em>Ὀδυσσεύς,</em></span> <span class='ocrx_word' id='word_1_50' title='bbox 929 845 1036 930; x_wconf 65' lang='grc' dir='ltr'><strong>ἐκρίθη</strong></span> <span class='ocrx_word' id='word_1_51' title='bbox 1067 847 1174 912; x_wconf 82' lang='grc' dir='ltr'><em>λοιπὸν</em></span> 
     </span>
     <span class='ocr_line' id='line_1_9' title="bbox 132 948 1173 1040; baseline -0.001 -20"><span class='ocrx_word' id='word_1_52' title='bbox 132 958 258 1040; x_wconf 74' lang='grc' dir='ltr'><strong>ἄριστον</strong></span> <span class='ocrx_word' id='word_1_53' title='bbox 277 954 352 1022; x_wconf 71' lang='grc' dir='ltr'><strong><em>εἶναι</em></strong></span> <span class='ocrx_word' id='word_1_54' title='bbox 369 954 423 1017; x_wconf 85' lang='grc' dir='ltr'><strong>τὸν</strong></span> <span class='ocrx_word' id='word_1_55' title='bbox 438 958 564 1016; x_wconf 70' lang='lat' dir='ltr'><strong>nistera</strong></span> <span class='ocrx_word' id='word_1_56' title='bbox 584 951 723 1033; x_wconf 67' lang='grc' dir='ltr'><strong>μάλιστα</strong></span> <span class='ocrx_word' id='word_1_57' title='bbox 742 949 922 1033; x_wconf 56' lang='lat' dir='ltr'><strong>laudumo</strong></span> <span class='ocrx_word' id='word_1_58' title='bbox 937 951 1011 1026; x_wconf 73' lang='grc' dir='ltr'><strong><em>τοὺς</em></strong></span> <span class='ocrx_word' id='word_1_59' title='bbox 1032 948 1173 1035; x_wconf 74' lang='grc' dir='ltr'><em>ἐχθρούς.</em></span> 
     </span>
     <span class='ocr_line' id='line_1_10' title="bbox 133 1052 1174 1138; baseline -0.006 -12"><span class='ocrx_word' id='word_1_60' title='bbox 133 1064 181 1127; x_wconf 77' lang='grc' dir='ltr'><strong>καὶ</strong></span> <span class='ocrx_word' id='word_1_61' title='bbox 204 1061 299 1135; x_wconf 71' lang='grc' dir='ltr'>εὐθὺς</span> <span class='ocrx_word' id='word_1_62' title='bbox 318 1054 490 1131; x_wconf 79' lang='grc' dir='ltr'><strong><em>Ὀδασσεύς</em></strong></span> <span class='ocrx_word' id='word_1_63' title='bbox 510 1056 566 1136; x_wconf 72' lang='grc' dir='ltr'><strong>μὲν</strong></span> <span class='ocrx_word' id='word_1_64' title='bbox 588 1054 676 1134; x_wconf 66' lang='grc' dir='ltr'><strong><em>ἔλαβε</em></strong></span> <span class='ocrx_word' id='word_1_65' title='bbox 699 1053 738 1117; x_wconf 78' lang='grc' dir='ltr'><strong>ταὶ</strong></span> <span class='ocrx_word' id='word_1_66' title='bbox 761 1052 860 1134; x_wconf 79' lang='grc' dir='ltr'><strong><em>ὅπλα,</em></strong></span> <span class='ocrx_word' id='word_1_67' title='bbox 891 1055 975 1130; x_wconf 70' lang='grc' dir='ltr'><strong><em>Αἴας</em></strong></span> <span class='ocrx_word' id='word_1_68' title='bbox 996 1057 1030 1120; x_wconf 77' lang='grc' dir='ltr'><strong>δὲ</strong></span> <span class='ocrx_word' id='word_1_69' title='bbox 1052 1055 1174 1138; x_wconf 71' lang='grc' dir='ltr'><strong><em>ἀπῆλθε</em></strong></span> 
     </span>
     <span class='ocr_line' id='line_1_11' title="bbox 133 1160 343 1252; baseline -0.014 -22"><span class='ocrx_word' id='word_1_70' title='bbox 133 1169 211 1252; x_wconf 79' lang='grc' dir='ltr'><strong><em>’ξίφει</em></strong></span> <span class='ocrx_word' id='word_1_71' title='bbox 234 1160 343 1228; x_wconf 72' lang='grc' dir='ltr'><em>πεσών.</em></span> 
     </span>
    </p>

    <p class='ocr_par' dir='ltr' id='par_1_5' title="bbox 133 1281 1177 2617">
     <span class='ocr_line' id='line_1_12' title="bbox 221 1281 1176 1367; baseline -0.002 -19"><span class='ocrx_word' id='word_1_72' title='bbox 221 1283 405 1348; x_wconf 86' lang='lat' dir='ltr'><strong>Convocata</strong></span> <span class='ocrx_word' id='word_1_73' title='bbox 448 1283 598 1348; x_wconf 81' lang='lat' dir='ltr'><strong>concione</strong></span> <span class='ocrx_word' id='word_1_74' title='bbox 641 1283 863 1367; x_wconf 82' lang='lat' dir='ltr'><strong>Agamemnon</strong></span> <span class='ocrx_word' id='word_1_75' title='bbox 906 1282 997 1346; x_wconf 89' lang='lat' dir='ltr'><strong>iussu</strong></span> <span class='ocrx_word' id='word_1_76' title='bbox 1031 1281 1176 1347; x_wconf 85' lang='lat' dir='ltr'><strong>Thetidis</strong></span> 
     </span>
     <span class='ocr_line' id='line_1_13' title="bbox 133 1387 1177 1474; baseline -0.005 -19"><span class='ocrx_word' id='word_1_77' title='bbox 133 1389 265 1456; x_wconf 83' lang='lat' dir='ltr'><strong>Achillis</strong></span> <span class='ocrx_word' id='word_1_78' title='bbox 286 1410 375 1452; x_wconf 88' lang='lat' dir='ltr'><strong>arma</strong></span> <span class='ocrx_word' id='word_1_79' title='bbox 403 1387 509 1451; x_wconf 90' lang='lat' dir='ltr'><strong>divina</strong></span> <span class='ocrx_word' id='word_1_80' title='bbox 530 1387 558 1450; x_wconf 89' lang='lat' dir='ltr'><strong>ei</strong></span> <span class='ocrx_word' id='word_1_81' title='bbox 580 1387 757 1471; x_wconf 85' lang='lat' dir='ltr'><strong>praemium</strong></span> <span class='ocrx_word' id='word_1_82' title='bbox 784 1387 953 1472; x_wconf 74' lang='lat' dir='ltr'><strong>proponit,</strong></span> <span class='ocrx_word' id='word_1_83' title='bbox 983 1408 1080 1472; x_wconf 91' lang='lat' dir='ltr'><strong>quem</strong></span> <span class='ocrx_word' id='word_1_84' title='bbox 1107 1388 1177 1474; x_wconf 90' lang='lat' dir='ltr'><strong>ipse</strong></span> 
     </span>
     <span class='ocr_line' id='line_1_14' title="bbox 134 1489 1176 1559; baseline -0.002 0"><span class='ocrx_word' id='word_1_85' title='bbox 134 1499 166 1559; x_wconf 89' lang='lat' dir='ltr'><strong>et</strong></span> <span class='ocrx_word' id='word_1_86' title='bbox 188 1493 284 1557; x_wconf 90' lang='lat' dir='ltr'><strong>oeteri</strong></span> <span class='ocrx_word' id='word_1_87' title='bbox 313 1491 409 1556; x_wconf 85' lang='lat' dir='ltr'><strong>duoes</strong></span> <span class='ocrx_word' id='word_1_88' title='bbox 439 1489 649 1555; x_wconf 84' lang='lat' dir='ltr'><strong>fortissimum</strong></span> <span class='ocrx_word' id='word_1_89' title='bbox 680 1491 899 1556; x_wconf 78' lang='lat' dir='ltr'><strong>iudicaverint.</strong></span> <span class='ocrx_word' id='word_1_90' title='bbox 942 1491 1020 1556; x_wconf 93' lang='lat' dir='ltr'><strong>Duo</strong></span> <span class='ocrx_word' id='word_1_91' title='bbox 1049 1496 1176 1557; x_wconf 88' lang='lat' dir='ltr'><strong>tantum</strong></span> 
     </span>
     <span class='ocr_line' id='line_1_15' title="bbox 134 1592 1176 1684; baseline 0 -23"><span class='ocrx_word' id='word_1_92' title='bbox 134 1598 286 1684; x_wconf 79' lang='lat' dir='ltr'><strong>petitores</strong></span> <span class='ocrx_word' id='word_1_93' title='bbox 316 1597 468 1661; x_wconf 81' lang='lat' dir='ltr'><strong>exsistere</strong></span> <span class='ocrx_word' id='word_1_94' title='bbox 495 1593 631 1671; x_wconf 88' lang='lat' dir='ltr'><strong>audent,</strong></span> <span class='ocrx_word' id='word_1_95' title='bbox 659 1593 744 1658; x_wconf 81' lang='lat' dir='ltr'><strong>Aiax</strong></span> <span class='ocrx_word' id='word_1_96' title='bbox 765 1597 800 1657; x_wconf 90' lang='lat' dir='ltr'><strong>et</strong></span> <span class='ocrx_word' id='word_1_97' title='bbox 818 1592 946 1658; x_wconf 73' lang='lat' dir='ltr'><strong>Ulixes</strong></span> <span class='ocrx_word' id='word_1_98' title='bbox 986 1595 1115 1660; x_wconf 90' lang='lat' dir='ltr'><strong>Horum</strong></span> <span class='ocrx_word' id='word_1_99' title='bbox 1137 1618 1176 1661; x_wconf 90' lang='lat' dir='ltr'><strong>ex</strong></span> 
     </span>
     <span class='ocr_line' id='line_1_16' title="bbox 134 1697 1176 1786; baseline -0.003 -19"><span class='ocrx_word' id='word_1_100' title='bbox 134 1701 328 1767; x_wconf 89' lang='lat' dir='ltr'><strong>orationibus</strong></span> <span class='ocrx_word' id='word_1_101' title='bbox 350 1722 449 1786; x_wconf 89' lang='lat' dir='ltr'><strong>quum</strong></span> <span class='ocrx_word' id='word_1_102' title='bbox 471 1700 573 1764; x_wconf 83' lang='lat' dir='ltr'><strong>maior</strong></span> <span class='ocrx_word' id='word_1_103' title='bbox 593 1697 846 1784; x_wconf 76' lang='lat' dir='ltr'><strong>fragmentorum</strong></span> <span class='ocrx_word' id='word_1_104' title='bbox 860 1720 1011 1763; x_wconf 87' lang='lat' dir='ltr'><strong>numerus</strong></span> <span class='ocrx_word' id='word_1_105' title='bbox 1033 1699 1176 1784; x_wconf 91' lang='lat' dir='ltr'><strong>deprom-</strong></span> 
     </span>
     <span class='ocr_line' id='line_1_17' title="bbox 133 1803 1176 1893; baseline -0.001 -23"><span class='ocrx_word' id='word_1_106' title='bbox 133 1811 209 1893; x_wconf 90' lang='lat' dir='ltr'><strong>ptus</strong></span> <span class='ocrx_word' id='word_1_107' title='bbox 232 1808 289 1882; x_wconf 88' lang='lat' dir='ltr'><strong>sit,</strong></span> <span class='ocrx_word' id='word_1_108' title='bbox 312 1828 376 1871; x_wconf 88' lang='lat' dir='ltr'><strong>uon</strong></span> <span class='ocrx_word' id='word_1_109' title='bbox 396 1805 514 1871; x_wconf 89' lang='lat' dir='ltr'><strong>nullius</strong></span> <span class='ocrx_word' id='word_1_110' title='bbox 533 1804 628 1890; x_wconf 86' lang='lat' dir='ltr'><strong>pretii</strong></span> <span class='ocrx_word' id='word_1_111' title='bbox 651 1803 814 1868; x_wconf 79' lang='lat' dir='ltr'><strong>aestimavi</strong></span> <span class='ocrx_word' id='word_1_112' title='bbox 834 1803 1106 1890; x_wconf 76' lang='lat' dir='ltr'><strong>comparationem</strong></span> <span class='ocrx_word' id='word_1_113' title='bbox 1127 1826 1176 1869; x_wconf 83' lang='lat' dir='ltr'><strong>eo</strong></span> 
     </span>
     <span class='ocr_line' id='line_1_18' title="bbox 134 1907 1175 1995; baseline -0.002 -21"><span class='ocrx_word' id='word_1_114' title='bbox 134 1935 206 1975; x_wconf 92' lang='lat' dir='ltr'><strong>rum</strong></span> <span class='ocrx_word' id='word_1_115' title='bbox 239 1932 311 1974; x_wconf 88' lang='lat' dir='ltr'><strong>eum</strong></span> <span class='ocrx_word' id='word_1_116' title='bbox 343 1909 484 1974; x_wconf 89' lang='lat' dir='ltr'><strong>eiusdem</strong></span> <span class='ocrx_word' id='word_1_117' title='bbox 516 1909 624 1973; x_wconf 82' lang='lat' dir='ltr'><strong>indicii</strong></span> <span class='ocrx_word' id='word_1_118' title='bbox 656 1909 863 1974; x_wconf 84' lang='lat' dir='ltr'><strong>adornatione</strong></span> <span class='ocrx_word' id='word_1_119' title='bbox 891 1909 980 1995; x_wconf 87' lang='lat' dir='ltr'><strong>apud</strong></span> <span class='ocrx_word' id='word_1_120' title='bbox 1012 1907 1175 1987; x_wconf 87' lang='lat' dir='ltr'><strong>Ovidium,</strong></span> 
     </span>
     <span class='ocr_line' id='line_1_19' title="bbox 134 2012 1176 2101; baseline 0.001 -22"><span class='ocrx_word' id='word_1_121' title='bbox 134 2037 214 2100; x_wconf 85' lang='lat' dir='ltr'><strong>quae</strong></span> <span class='ocrx_word' id='word_1_122' title='bbox 234 2013 488 2101; x_wconf 87' lang='lat' dir='ltr'><strong>splendidissima</strong></span> <span class='ocrx_word' id='word_1_123' title='bbox 509 2015 617 2078; x_wconf 84' lang='lat' dir='ltr'><strong>exstat</strong></span> <span class='ocrx_word' id='word_1_124' title='bbox 635 2012 770 2080; x_wconf 89' lang='lat' dir='ltr'><strong>Metam.</strong></span> <span class='ocrx_word' id='word_1_125' title='bbox 791 2013 844 2078; x_wconf 85' lang='lat' dir='ltr'><strong>lib.</strong></span> <span class='ocrx_word' id='word_1_126' title='bbox 872 2012 921 2078; x_wconf 85' lang='lat'><strong>13.</strong></span> <span class='ocrx_word' id='word_1_127' title='bbox 943 2014 986 2078; x_wconf 89' lang='lat' dir='ltr'><strong>in.</strong></span> <span class='ocrx_word' id='word_1_128' title='bbox 1031 2014 1118 2078; x_wconf 84' lang='lat' dir='ltr'><strong>Hine</strong></span> <span class='ocrx_word' id='word_1_129' title='bbox 1139 2017 1176 2080; x_wconf 89' lang='lat' dir='ltr'><strong>ut</strong></span> 
     </span>
     <span class='ocr_line' id='line_1_20' title="bbox 133 2115 1177 2202; baseline 0 -18"><span class='ocrx_word' id='word_1_130' title='bbox 133 2120 261 2185; x_wconf 82' lang='lat' dir='ltr'><strong>aliunde</strong></span> <span class='ocrx_word' id='word_1_131' title='bbox 282 2119 388 2194; x_wconf 89' lang='lat' dir='ltr'><strong>etiam,</strong></span> <span class='ocrx_word' id='word_1_132' title='bbox 411 2117 467 2182; x_wconf 91' lang='lat' dir='ltr'><strong>ubi</strong></span> <span class='ocrx_word' id='word_1_133' title='bbox 489 2119 678 2202; x_wconf 85' lang='lat' dir='ltr'><strong>argumenta</strong></span> <span class='ocrx_word' id='word_1_134' title='bbox 700 2118 897 2202; x_wconf 81' lang='lat' dir='ltr'><strong>tragicorum</strong></span> <span class='ocrx_word' id='word_1_135' title='bbox 910 2115 952 2182; x_wconf 69' lang='lat' dir='ltr'><strong>&#39;et</strong></span> <span class='ocrx_word' id='word_1_136' title='bbox 974 2115 1091 2184; x_wconf 80' lang='lat' dir='ltr'><strong>Ovidii</strong></span> <span class='ocrx_word' id='word_1_137' title='bbox 1105 2140 1177 2184; x_wconf 88' lang='lat' dir='ltr'><strong>eon-</strong></span> 
     </span>
     <span class='ocr_line' id='line_1_21' title="bbox 134 2220 1176 2309; baseline 0 -22"><span class='ocrx_word' id='word_1_138' title='bbox 134 2225 291 2300; x_wconf 89' lang='lat' dir='ltr'><strong>sentiunt,</strong></span> <span class='ocrx_word' id='word_1_139' title='bbox 322 2222 526 2288; x_wconf 88' lang='lat' dir='ltr'><strong>manifestum</strong></span> <span class='ocrx_word' id='word_1_140' title='bbox 548 2223 613 2298; x_wconf 89' lang='lat' dir='ltr'><strong>est,</strong></span> <span class='ocrx_word' id='word_1_141' title='bbox 644 2220 729 2286; x_wconf 89' lang='lat' dir='ltr'><strong>hune</strong></span> <span class='ocrx_word' id='word_1_142' title='bbox 750 2244 977 2306; x_wconf 87' lang='lat' dir='ltr'><strong>nonnunquam</strong></span> <span class='ocrx_word' id='word_1_143' title='bbox 999 2224 1176 2309; x_wconf 77' lang='lat' dir='ltr'><strong>tragoedia</strong></span> 
     </span>
     <span class='ocr_line' id='line_1_22' title="bbox 134 2325 1175 2404; baseline 0.002 -14"><span class='ocrx_word' id='word_1_144' title='bbox 134 2351 206 2392; x_wconf 87' lang='lat' dir='ltr'><strong>rum</strong></span> <span class='ocrx_word' id='word_1_145' title='bbox 235 2327 508 2403; x_wconf 88' lang='lat' dir='ltr'><strong>adumbrationes‚</strong></span> <span class='ocrx_word' id='word_1_146' title='bbox 545 2325 644 2389; x_wconf 92' lang='lat' dir='ltr'><strong>immo</strong></span> <span class='ocrx_word' id='word_1_147' title='bbox 673 2327 770 2390; x_wconf 89' lang='lat' dir='ltr'><strong>etiam</strong></span> <span class='ocrx_word' id='word_1_148' title='bbox 804 2327 902 2392; x_wconf 87' lang='lat' dir='ltr'><strong>verba</strong></span> <span class='ocrx_word' id='word_1_149' title='bbox 933 2326 984 2392; x_wconf 88' lang='lat' dir='ltr'><strong>hio</strong></span> <span class='ocrx_word' id='word_1_150' title='bbox 1012 2327 1086 2404; x_wconf 85' lang='lat' dir='ltr'><strong>illio,</strong></span> <span class='ocrx_word' id='word_1_151' title='bbox 1117 2350 1175 2392; x_wconf 88' lang='lat' dir='ltr'><strong>suo</strong></span> 
     </span>
     <span class='ocr_line' id='line_1_23' title="bbox 135 2427 1177 2516; baseline 0.002 -23"><span class='ocrx_word' id='word_1_152' title='bbox 135 2432 240 2516; x_wconf 71' lang='lat' dir='ltr'><strong>poesis</strong></span> <span class='ocrx_word' id='word_1_153' title='bbox 262 2431 370 2515; x_wconf 87' lang='lat' dir='ltr'><strong>generi</strong></span> <span class='ocrx_word' id='word_1_154' title='bbox 391 2434 423 2495; x_wconf 90' lang='lat' dir='ltr'><strong>et</strong></span> <span class='ocrx_word' id='word_1_155' title='bbox 436 2430 500 2514; x_wconf 89' lang='lat' dir='ltr'><strong>legi</strong></span> <span class='ocrx_word' id='word_1_156' title='bbox 515 2430 665 2494; x_wconf 85' lang='lat' dir='ltr'><strong>metricae</strong></span> <span class='ocrx_word' id='word_1_157' title='bbox 679 2431 944 2496; x_wconf 83' lang='lat' dir='ltr'><strong>aooommodasse.</strong></span> <span class='ocrx_word' id='word_1_158' title='bbox 977 2427 1074 2495; x_wconf 87' lang='lat' dir='ltr'><strong>Prior</strong></span> <span class='ocrx_word' id='word_1_159' title='bbox 1088 2431 1177 2516; x_wconf 86' lang='lat' dir='ltr'><strong>apud</strong></span> 
     </span>
     <span class='ocr_line' id='line_1_24' title="bbox 136 2527 1142 2617; baseline -0.003 -20"><span class='ocrx_word' id='word_1_160' title='bbox 136 2532 265 2599; x_wconf 87' lang='lat' dir='ltr'><strong>Attium</strong></span> <span class='ocrx_word' id='word_1_161' title='bbox 287 2554 413 2617; x_wconf 91' lang='lat' dir='ltr'><strong>quoque</strong></span> <span class='ocrx_word' id='word_1_162' title='bbox 434 2532 531 2597; x_wconf 87' lang='lat' dir='ltr'><strong>verba</strong></span> <span class='ocrx_word' id='word_1_163' title='bbox 551 2531 662 2597; x_wconf 83' lang='lat' dir='ltr'><strong>feeerit</strong></span> <span class='ocrx_word' id='word_1_164' title='bbox 683 2534 783 2598; x_wconf 86' lang='lat' dir='ltr'><strong>Aiax:</strong></span> <span class='ocrx_word' id='word_1_165' title='bbox 1136 2527 1142 2541; x_wconf 77' lang='lat'>&#39;</span> 
     </span>
    </p>
   </div>
   <div class='ocr_carea' id='block_1_4' title="bbox 66 2651 1167 2740">
    <p class='ocr_par' dir='ltr' id='par_1_6' title="bbox 66 2651 1167 2740">
     <span class='ocr_line' id='line_1_25' title="bbox 66 2651 1167 2740; baseline 0.003 -21"><span class='ocrx_word' id='word_1_166' title='bbox 66 2665 118 2732; x_wconf 77' lang='grc'><strong>65,</strong></span> <span class='ocrx_word' id='word_1_167' title='bbox 221 2654 248 2720; x_wconf 93' lang='grc' dir='ltr'><strong>Ι.</strong></span> <span class='ocrx_word' id='word_1_168' title='bbox 279 2651 409 2734; x_wconf 82' lang='lat' dir='ltr'><strong>Quid&#39;st</strong></span> <span class='ocrx_word' id='word_1_169' title='bbox 424 2653 481 2717; x_wconf 72' lang='grc' dir='ltr'><strong>αὐτ</strong></span> <span class='ocrx_word' id='word_1_170' title='bbox 503 2675 692 2740; x_wconf 85' lang='lat' dir='ltr'><strong>componere</strong></span> <span class='ocrx_word' id='word_1_171' title='bbox 706 2655 791 2719; x_wconf 82' lang='lat' dir='ltr'><strong>adsis</strong></span> <span class='ocrx_word' id='word_1_172' title='bbox 807 2657 883 2720; x_wconf 90' lang='lat' dir='ltr'><strong>mihi</strong></span> <span class='ocrx_word' id='word_1_173' title='bbox 904 2661 938 2721; x_wconf 92' lang='lat' dir='ltr'><strong>te</strong></span> <span class='ocrx_word' id='word_1_174' title='bbox 952 2658 1008 2721; x_wconf 82' lang='lat' dir='ltr'><strong>aut</strong></span> <span class='ocrx_word' id='word_1_175' title='bbox 1024 2656 1074 2720; x_wconf 74' lang='lat' dir='ltr'><strong>me</strong></span> <span class='ocrx_word' id='word_1_176' title='bbox 1090 2655 1167 2722; x_wconf 83' lang='lat' dir='ltr'><strong>tibi?</strong></span> 
     </span>
    </p>
   </div>
   <div class='ocr_carea' id='block_1_5' title="bbox 135 2757 1044 2848">
    <p class='ocr_par' dir='ltr' id='par_1_7' title="bbox 135 2757 1044 2848">
     <span class='ocr_line' id='line_1_26' title="bbox 135 2757 1044 2848; baseline 0.002 -25"><span class='ocrx_word' id='word_1_177' title='bbox 135 2758 253 2824; x_wconf 81' lang='lat' dir='ltr'><strong>Paeuv.</strong></span> <span class='ocrx_word' id='word_1_178' title='bbox 276 2760 309 2823; x_wconf 92' lang='lat' dir='ltr'><strong>in</strong></span> <span class='ocrx_word' id='word_1_179' title='bbox 330 2759 554 2846; x_wconf 84' lang='lat' dir='ltr'><strong>cognominata</strong></span> <span class='ocrx_word' id='word_1_180' title='bbox 574 2757 683 2831; x_wconf 83' lang='lat' dir='ltr'><strong>fabula</strong></span> <span class='ocrx_word' id='word_1_181' title='bbox 700 2758 796 2844; x_wconf 88' lang='lat' dir='ltr'><strong>(Non.</strong></span> <span class='ocrx_word' id='word_1_182' title='bbox 819 2784 851 2848; x_wconf 93' lang='lat' dir='ltr'><strong>p.</strong></span> <span class='ocrx_word' id='word_1_183' title='bbox 874 2761 949 2828; x_wconf 81' lang='lat'><strong>473.</strong></span> <span class='ocrx_word' id='word_1_184' title='bbox 976 2760 1044 2848; x_wconf 84' lang='lat'>15):</span> 
     </span>
    </p>
   </div>
   <div class='ocr_carea' id='block_1_6' title="bbox 291 2886 1177 2973">
    <p class='ocr_par' dir='ltr' id='par_1_8' title="bbox 291 2886 1177 2973">
     <span class='ocr_line' id='line_1_27' title="bbox 291 2886 1177 2973; baseline 0.005 -31"><span class='ocrx_word' id='word_1_185' title='bbox 291 2886 341 2943; x_wconf 78' lang='lat' dir='ltr'><strong>Aa</strong></span> <span class='ocrx_word' id='word_1_186' title='bbox 370 2891 434 2967; x_wconf 78' lang='lat' dir='ltr'><strong>quis</strong></span> <span class='ocrx_word' id='word_1_187' title='bbox 457 2897 521 2973; x_wconf 82' lang='lat' dir='ltr'><strong>est,¹</strong></span> <span class='ocrx_word' id='word_1_188' title='bbox 550 2889 649 2968; x_wconf 79' lang='lat' dir='ltr'><strong>quite</strong></span> <span class='ocrx_word' id='word_1_189' title='bbox 677 2910 740 2945; x_wconf 83' lang='lat' dir='ltr'><strong>esse</strong></span> <span class='ocrx_word' id='word_1_190' title='bbox 761 2888 880 2968; x_wconf 72' lang='lat' dir='ltr'><strong>dignam</strong></span> <span class='ocrx_word' id='word_1_191' title='bbox 909 2893 1023 2970; x_wconf 82' lang='lat' dir='ltr'><strong>quicum</strong></span> <span class='ocrx_word' id='word_1_192' title='bbox 1054 2903 1177 2948; x_wconf 81' lang='lat' dir='ltr'><strong>certetur</strong></span> 
     </span>
    </p>
   </div>
   <div class='ocr_carea' id='block_1_7' title="bbox 137 2983 554 3172">
    <p class='ocr_par' dir='ltr' id='par_1_9' title="bbox 137 2983 554 3172">
     <span class='ocr_line' id='line_1_28' title="bbox 445 2983 554 3071; baseline 0.028 -25"><span class='ocrx_word' id='word_1_193' title='bbox 445 2983 554 3071; x_wconf 72' lang='lat' dir='ltr'><strong>potet?</strong></span> 
     </span>
     <span class='ocr_line' id='line_1_29' title="bbox 137 3105 474 3172; baseline -0.006 -1"><span class='ocrx_word' id='word_1_194' title='bbox 137 3105 232 3171; x_wconf 89' lang='lat' dir='ltr'><strong>Ovid.</strong></span> <span class='ocrx_word' id='word_1_195' title='bbox 255 3106 336 3172; x_wconf 92' lang='lat' dir='ltr'><strong>Met.</strong></span> <span class='ocrx_word' id='word_1_196' title='bbox 362 3105 411 3171; x_wconf 89' lang='lat'><strong>13.</strong></span> <span class='ocrx_word' id='word_1_197' title='bbox 435 3106 474 3170; x_wconf 81' lang='lat'><strong>5:</strong></span> 
     </span>
    </p>
   </div>
   <div class='ocr_carea' id='block_1_8' title="bbox 138 3232 1173 3522">
    <p class='ocr_par' dir='ltr' id='par_1_10' title="bbox 138 3232 1173 3522">
     <span class='ocr_line' id='line_1_30' title="bbox 292 3232 1058 3320; baseline 0.008 -31"><span class='ocrx_word' id='word_1_198' title='bbox 292 3232 463 3313; x_wconf 63' lang='lat' dir='ltr'><strong>„Agimu.‹&#39;‚</strong></span> <span class='ocrx_word' id='word_1_199' title='bbox 485 3235 563 3316; x_wconf 80' lang='lat' dir='ltr'><strong>proh</strong></span> <span class='ocrx_word' id='word_1_200' title='bbox 587 3237 745 3318; x_wconf 80' lang='lat' dir='ltr'><strong>Iupiter.&#39;“</strong></span> <span class='ocrx_word' id='word_1_201' title='bbox 767 3239 873 3315; x_wconf 75' lang='lat' dir='ltr'><strong>inquit,</strong></span> <span class='ocrx_word' id='word_1_202' title='bbox 1055 3315 1058 3320; x_wconf 23' lang='grc' dir='ltr'>ι</span> 
     </span>
     <span class='ocr_line' id='line_1_31' title="bbox 294 3336 1173 3424; baseline 0.009 -32"><span class='ocrx_word' id='word_1_203' title='bbox 294 3336 400 3403; x_wconf 78' lang='lat' dir='ltr'><strong>„Ante</strong></span> <span class='ocrx_word' id='word_1_204' title='bbox 423 3351 499 3393; x_wconf 79' lang='lat' dir='ltr'><strong>rates</strong></span> <span class='ocrx_word' id='word_1_205' title='bbox 515 3359 644 3413; x_wconf 83' lang='lat' dir='ltr'><strong>eausam,</strong></span> <span class='ocrx_word' id='word_1_206' title='bbox 670 3351 697 3396; x_wconf 83' lang='lat' dir='ltr'><strong>et</strong></span> <span class='ocrx_word' id='word_1_207' title='bbox 712 3362 821 3397; x_wconf 82' lang='lat' dir='ltr'><strong>mecum</strong></span> <span class='ocrx_word' id='word_1_208' title='bbox 842 3341 992 3424; x_wconf 64' lang='lat' dir='ltr'><strong>resistatur</strong></span> <span class='ocrx_word' id='word_1_209' title='bbox 1020 3343 1143 3403; x_wconf 73' lang='lat' dir='ltr'><strong>Ulixes!</strong></span> <span class='ocrx_word' id='word_1_210' title='bbox 1154 3344 1173 3374; x_wconf 89' lang='lat'><strong>“</strong></span> 
     </span>
     <span class='ocr_line' id='line_1_32' title="bbox 138 3451 692 3522; baseline -0.004 -2"><span class='ocrx_word' id='word_1_211' title='bbox 138 3457 238 3522; x_wconf 85' lang='lat' dir='ltr'><strong>Arma</strong></span> <span class='ocrx_word' id='word_1_212' title='bbox 259 3452 320 3520; x_wconf 91' lang='lat' dir='ltr'><strong>sibi</strong></span> <span class='ocrx_word' id='word_1_213' title='bbox 340 3451 479 3517; x_wconf 88' lang='lat' dir='ltr'><strong>vindieat</strong></span> <span class='ocrx_word' id='word_1_214' title='bbox 500 3451 550 3516; x_wconf 91' lang='lat' dir='ltr'><strong>his</strong></span> <span class='ocrx_word' id='word_1_215' title='bbox 571 3453 692 3518; x_wconf 89' lang='lat' dir='ltr'><strong>verbis:</strong></span> 
     </span>
    </p>
   </div>
   <div class='ocr_carea' id='block_1_9' title="bbox 141 3731 1173 3893">
    <p class='ocr_par' dir='ltr' id='par_1_11' title="bbox 141 3731 1173 3893">
     <span class='ocr_line' id='line_1_33' title="bbox 223 3731 1173 3808; baseline 0.004 -22"><span class='ocrx_word' id='word_1_216' title='bbox 223 3731 243 3787; x_wconf 83' lang='grc' dir='ltr'><strong>Ι.</strong></span> <span class='ocrx_word' id='word_1_217' title='bbox 262 3735 327 3791; x_wconf 77' lang='lat' dir='ltr'><strong>Nou.</strong></span> <span class='ocrx_word' id='word_1_218' title='bbox 352 3750 378 3802; x_wconf 82' lang='lat' dir='ltr'><strong>p.</strong></span> <span class='ocrx_word' id='word_1_219' title='bbox 403 3737 463 3791; x_wconf 82' lang='lat'><strong>2⁵7.</strong></span> <span class='ocrx_word' id='word_1_220' title='bbox 490 3737 531 3790; x_wconf 81' lang='lat'><strong>15.</strong></span> <span class='ocrx_word' id='word_1_221' title='bbox 568 3733 744 3804; x_wconf 76' lang='lat' dir='ltr'><strong>Componere,</strong></span> <span class='ocrx_word' id='word_1_222' title='bbox 773 3734 926 3808; x_wconf 61' lang='lat' dir='ltr'><strong>dapenna,</strong></span> <span class='ocrx_word' id='word_1_223' title='bbox 950 3740 1108 3790; x_wconf 78' lang='lat' dir='ltr'><strong>constituere</strong></span> <span class='ocrx_word' id='word_1_224' title='bbox 1126 3769 1140 3781; x_wconf 93' lang='lat'>-</span> <span class='ocrx_word' id='word_1_225' title='bbox 1158 3769 1173 3781; x_wconf 91' lang='lat'><em>·</em></span> 
     </span>
     <span class='ocr_line' id='line_1_34' title="bbox 141 3819 1173 3893; baseline 0.005 -22"><span class='ocrx_word' id='word_1_226' title='bbox 141 3819 299 3886; x_wconf 77' lang='lat' dir='ltr'><strong>Componere</strong></span> <span class='ocrx_word' id='word_1_227' title='bbox 315 3839 410 3873; x_wconf 77' lang='lat' dir='ltr'><strong>rursus</strong></span> <span class='ocrx_word' id='word_1_228' title='bbox 425 3820 562 3893; x_wconf 68' lang='lat' dir='ltr'><strong>significat</strong></span> <span class='ocrx_word' id='word_1_229' title='bbox 585 3837 748 3890; x_wconf 81' lang='lat' dir='ltr'><strong>comparare.</strong></span> <span class='ocrx_word' id='word_1_230' title='bbox 784 3825 880 3876; x_wconf 79' lang='lat' dir='ltr'><strong>Accius</strong></span> <span class='ocrx_word' id='word_1_231' title='bbox 897 3826 926 3876; x_wconf 76' lang='lat' dir='ltr'><strong>iu</strong></span> <span class='ocrx_word' id='word_1_232' title='bbox 945 3829 1084 3876; x_wconf 78' lang='lat' dir='ltr'><strong>Armorum</strong></span> <span class='ocrx_word' id='word_1_233' title='bbox 1104 3824 1173 3876; x_wconf 78' lang='lat' dir='ltr'><strong>iudi-</strong></span> 
     </span>
    </p>
   </div>
   <div class='ocr_carea' id='block_1_10' title="bbox 139 3904 1172 4063">
    <p class='ocr_par' dir='ltr' id='par_1_12' title="bbox 139 3904 1172 4063">
     <span class='ocr_line' id='line_1_35' title="bbox 139 3904 1172 3979; baseline 0.01 -24"><span class='ocrx_word' id='word_1_234' title='bbox 139 3905 195 3956; x_wconf 79' lang='lat' dir='ltr'><strong>cio:</strong></span> <span class='ocrx_word' id='word_1_235' title='bbox 219 3904 337 3975; x_wconf 75' lang='lat' dir='ltr'><strong>quidest</strong></span> <span class='ocrx_word' id='word_1_236' title='bbox 356 3935 437 3963; x_wconf 82' lang='lat'><strong>--.</strong></span> <span class='ocrx_word' id='word_1_237' title='bbox 463 3907 616 3961; x_wconf 69' lang='lat' dir='ltr'><strong>rosnarum</strong></span> <span class='ocrx_word' id='word_1_238' title='bbox 636 3921 673 3960; x_wconf 78' lang='lat' dir='ltr'><strong>est</strong></span> <span class='ocrx_word' id='word_1_239' title='bbox 694 3917 719 3960; x_wconf 85' lang='lat' dir='ltr'><strong>et</strong></span> <span class='ocrx_word' id='word_1_240' title='bbox 735 3929 761 3961; x_wconf 83' lang='lat' dir='ltr'><strong>es</strong></span> <span class='ocrx_word' id='word_1_241' title='bbox 778 3911 925 3979; x_wconf 82' lang='lat' dir='ltr'><strong>aphaeresis</strong></span> <span class='ocrx_word' id='word_1_242' title='bbox 948 3910 1073 3964; x_wconf 75' lang='lat' dir='ltr'><strong>letissime</strong></span> <span class='ocrx_word' id='word_1_243' title='bbox 1095 3920 1172 3979; x_wconf 76' lang='lat' dir='ltr'><strong>patet.</strong></span> 
     </span>
     <span class='ocr_line' id='line_1_36' title="bbox 139 3989 655 4063; baseline 0.017 -20"><span class='ocrx_word' id='word_1_244' title='bbox 139 3989 179 4046; x_wconf 84' lang='lat' dir='ltr'><strong>Gi.</strong></span> <span class='ocrx_word' id='word_1_245' title='bbox 198 3989 303 4044; x_wconf 75' lang='lat' dir='ltr'><strong>ustrou.</strong></span> <span class='ocrx_word' id='word_1_246' title='bbox 321 3991 437 4062; x_wconf 76' lang='lat' dir='ltr'><strong>Prolegg.</strong></span> <span class='ocrx_word' id='word_1_247' title='bbox 455 3994 536 4052; x_wconf 78' lang='lat' dir='ltr'><strong>Plaut.</strong></span> <span class='ocrx_word' id='word_1_248' title='bbox 553 4011 579 4063; x_wconf 86' lang='lat' dir='ltr'><strong>p.</strong></span> <span class='ocrx_word' id='word_1_249' title='bbox 598 3998 655 4051; x_wconf 77' lang='lat'>1⁰⁷.</span> 
     </span>
    </p>
   </div>
   <div class='ocr_carea' id='block_1_11' title="bbox 926 4082 967 4146">
    <p class='ocr_par' dir='ltr' id='par_1_13' title="bbox 926 4082 967 4146">
     <span class='ocr_line' id='line_1_37' title="bbox 926 4082 967 4146; baseline 0 -27"><span class='ocrx_word' id='word_1_250' title='bbox 926 4082 967 4146; x_wconf 66' lang='lat'><strong>34}</strong></span> 
     </span>
    </p>
   </div>
   <div class='ocr_carea' id='block_1_12' title="bbox 0 0 1273 4500">
    <p class='ocr_par' dir='ltr' id='par_1_14' title="bbox 0 0 1273 4500">
     <span class='ocr_line' id='line_1_38' title="bbox 0 0 1273 4500; baseline 0 0"><span class='ocrx_word' id='word_1_251' title='bbox 0 0 1273 4500; x_wconf 95' lang='lat' dir='ltr'><strong> </strong></span> 
     </span>
    </p>
   </div>
  </div>
 </body>
</html>
