2520 4500
133 143 173 211 10

70 299 113 367 15.
217 300 297 388 XV.
326 301 419 369 Nunc
435 307 472 368 tu
494 305 532 367 in
547 326 583 368 re
604 306 736 393 crepere
757 309 814 369 tua
827 308 906 393 qnid
921 307 1029 393 ctpias
1052 303 1174 374 consilii

461 409 523 475 ide.

128 511 290 578 Maioret
258 513 354 577 etiam
381 431 591 633 ἰιὲοοιιίρὶὺ
613 511 767 583 Graecos
812 513 878 581 Sed
898 511 1173 603 Clytaemnestra,

129 618 264 702 quaein
264 621 352 682 terea
374 640 391 682 e
413 618 502 706 regia
522 621 695 706 processit,
717 619 957 687 vehementibus
977 622 1085 688 verbis
1106 623 1177 688 adit

129 723 296 819 coniugem
318 745 358 787 ns
379 723 482 788 scelue
502 725 612 789 sceleri
633 721 753 790 addens
775 730 852 813 post
872 727 1072 812 Iphigeniam
1094 727 1174 794 Ore-

129 824 233 891 stem
226 846 369 912 quoque
399 830 532 914 perdat
574 829 682 943 Huius
714 830 833 896 fuerint
865 832 915 897 vel
951 831 1040 897 chori
1072 854 1179 898 assen-

128 931 253 999 biantis.

70 1035 112 1103 16.
214 1039 377 1104 XVl.—
399 1039 540 1105 Proinde
560 1039 684 1106 isthae'o
704 1046 763 1106 tua
1023 1113 1024 1116 ,

336 1143 440 1210 Aufer
447 1145 598 1210 terricula
604 1149 702 1232 atque
712 1146 853 1211 animum
860 1147 979 1212 iratum
991 1147 1173 1233 ctmprime.

127 1240 241 1335 ΜΡ.
264 1248 333 1314 Tel.
355 1248 396 1316 fr.
419 1247 479 1313 24:

329 1351 418 1434 Ὥρα
438 1378 471 1418 σε
492 1360 599 1436 θυμοῦ
614 1358 776 1438 κρείσσονα
797 1354 923 1438 γνώμην
944 1353 1031 1436 ἔχειν.

127 1457 317 1525 Necessitati
339 1481 460 1523 morem
481 1481 595 1545 gerens
623 1460 770 1546 precibus
792 1483 826 1524 se
848 1482 1012 1526 cessurum
1035 1461 1175 1557 oster*

127 1565 344 1650 Agamemno,
379 1564 436 1629 sed
465 1565 586 1631 oraculi
615 1565 793 1630 obscuritas
821 1566 972 1651 impedit,
1004 1567 1175 1649 quominus
1206 1619 1208 1623 .
1248 1584 1254 1605 ἰ

127 1673 214 1735 recte
232 1670 438 1756 intelligatur.
473 1668 581 1749 Quam
603 1670 825 1735 difficultatem
846 1669 969 1744 tollere,
991 1675 1028 1733 ut
1051 1674 1175 1755 tragoe-

128 1776 198 1841 diae
220 1775 461 1861 dispositionem
483 1775 760 1860 investigavimus,
783 1796 848 1838 non
869 1773 975 1850 Ulixi,
1004 1773 1060 1838 sed
1082 1775 1176 1865 alissul

128 1882 261 1946 deorum
283 1880 393 1966 potins
414 1877 618 1943 tribuendum
641 1878 778 1945 videtur.
819 1879 904 1943 Nam
925 1879 1004 1944 illud
1025 1903 1089 1945 non
1112 1862 1181 1946 suls

127 1984 262 2062 liciebat,
283 1988 321 2050 ut
343 1984 507 2049 amulum
529 1985 758 2071 explicaretur3
780 2007 908 2051 necesse
929 1990 998 2050 erat
1021 1986 1117 2049 etiam
1137 1991 1176 2050 ut

128 2090 225 2157 animi
253 2090 391 2156 fratrum
422 2089 464 2154 ad
492 2091 768 2154 mansuetudinem
797 2090 1000 2155 flecterentur
1030 2094 1063 2156 et
1091 2090 1176 2176 Aga

128 2219 276 2262 memnon
299 2195 553 2280 sua—pertinacia
574 2217 639 2258 non
660 2195 796 2280 amplius
829 2195 907 2260 alios
930 2217 1057 2280 quoque
1079 2196 1182 2261 duces,

128 2326 148 2366 a
168 2299 306 2368 Menelai
336 2298 466 2375 consilio
488 2298 689 2390 abalienaret.
733 2298 883 2377 Accedit,
906 2299 993 2384 quod
1014 2300 1175 2387 Telephus

127 2429 166 2471 eo
189 2405 305 2469 adduci
328 2403 482 2481 debebat,
505 2407 543 2468 ut
567 2394 718 2481 Graecis,
741 2403 815 2468 licet
837 2426 948 2469 socero
970 2403 1110 2482 infestis,
1133 2405 1176 2469 vi-

128 2535 180 2576 am
202 2514 405 2578 monstraret.
440 2508 550 2591 Quare
565 2510 753 2575 crediderim
767 2509 948 2576 Minervam
968 2533 1008 2575 ex
1031 2511 1176 2577 machina

127 2617 395 2703 apparuissent
424 2618 537 2683 eodem
560 2616 657 2681 modo
679 2639 727 2681 ac.
745 2616 903 2682 Hercules
934 2617 968 2678 in
997 2615 1175 2703 Phplpctete
1204 2636 1206 2639 ·

128 2720 307 2808 Sophocleo
336 2723 458 2798 nodum
487 2721 625 2839 soluget
658 2725 691 2785 et
725 2721 793 2783 fata
822 2719 938 2782 Troiae
966 2706 1174 2811 premeret.

127 2827 250 2892 Finem*
262 2826 446 2910 tragoediae
468 2820 596 2894 carmel
617 2821 707 2887 chori
727 2821 839 2885 fecisse
861 2817 1015 2892 arbitror,
1039 2816 1094 2899 qui
1115 2815 1175 2880 otii
1230 2882 1237 2905 .›

127 2934 222 2998 invisi
242 2932 306 2994 iam
321 2930 376 2993 diu
397 2933 580 3015 pertaesus,
610 2948 710 3010 quum
732 2923 819 3009 quod
848 2920 1008 3007 optaverit
1037 2922 1172 3007 adeptus
1238 2912 1251 2959 Ῑ”

129 3039 188 3114 sit,
212 3037 285 3102 belli
307 3035 547 3122 cupidissimum
570 3055 604 3098 se
627 3031 721 3094 dicit:

216 3301 272 3355 XV,
298 3298 366 3353 Non.
383 3315 407 3364 p.
428 3301 468 3353 13.
486 3301 529 3354 23.
559 3298 731 3363 creperum
749 3292 848 3343 dicuat·
866 3293 975 3359 proprie
992 3289 1085 3352 dubim·
1105 3286 1174 3340 unde

131 3403 155 3440 et
174 3388 352 3458 crepusculum
370 3387 470 3437 dicitur
494 3385 540 3437 lte
562 3380 642 3432 dubia
660 3392 683 3431 ct
707 3396 778 3434 senes
795 3378 934 3444 decrepiti,
955 3379 983 3427 in
1006 3377 1086 3428 dubio
1103 3377 1175 3425 vitae

130 3493 193 3526 cons
182 3475 275 3529 sumti.
312 3475 452 3541 Creperum
477 3468 567 3521 bellum
586 3485 682 3537 anceps
699 3479 723 3519 et
749 3465 885 3517 dubium·
901 3466 1054 3515 ··Accius
1073 3458 1148 3510 -Idc
1150 3476 1175 3508 m

132 3561 222 3614 Teleo
258 3589 326 3600 --
748 3566 750 3571 ’

185 3561 282 3701 soXVl.
309 3647 375 3702 Non.
400 3662 425 3711 p
450 3645 509 3701 227.
533 3647 579 3698 31·
610 3641 759 3694 reseratae
783 3641 890 3708 generis
877 3603 1043 3708 sfcminr'ni.
1079 3630 1177 3685 Neutn'

133 3739 256 3789 Acaus-
275 3734 376 3785 -eldca
396 3733 503 3802 Telesti:
531 3731 604 3782 Prot
605 3729 646 3780 ade
669 3727 821 3780 ihcahaect
842 3732 873 3780 A
892 3736 912 3778 t
941 3739 1000 3777 a(
989 3739 1015 3774 ι.
1034 3723 1051 3775 ι’.
1071 3738 1093 3774 c.
1118 3719 1175 3772 Gt:

132 3823 246 3888 Iurgium
262 3823 322 3872 hinc
344 3820 482 3873 auferas
510 3818 590 3873 Plani.
627 3815 881 3873 Pers5,2.1e.-
903 3808 954 3863 Cor
970 3808 1090 3861 acerbum
1109 3823 1175 3858 con-

133 3911 242 3963 tundere
261 3918 287 3960 ei
311 3905 541 3974 comprimer'c.
577 3905 663 3958 Attius
681 3905 708 3955 in
727 3901 818 3969 fragm.
844 3899 926 3953 Atrei.
943 3894 1194 3961 Comprimors,

135 4005 218 4049 motus
237 3996 292 4048 liv.
312 4000 335 4052 1.
351 3999 393 4050 60.
