2520 4500
98 127 143 196 68

95 311 181 361 τινας
196 285 311 366 λαβὼν,
334 311 352 367 η
368 286 424 371 βίᾳ
439 285 504 347 κατ’
519 268 690 367 Εόριπίδην
711 283 846 367 (Troad.
864 281 942 369 958)
965 283 1017 353 Cf.
1034 287 1077 352 id.
1101 287 1144 352 ud

95 415 125 460 v.
152 389 222 458 168.
266 388 383 475 Dictys
407 387 495 454 Cret.
518 388 549 454 4.
573 387 625 454 22.
670 387 849 474 Postquam
880 390 994 456 deinde
1024 388 1144 458 Graeci

94 497 208 562 urbem
230 498 391 582 ceperunt,
414 494 538 559 Helena
552 493 736 559 Menelaum
758 494 925 581 coniugem
948 497 1025 562 olim
1046 520 1144 563 suum

95 604 130 668 in
171 601 335 688 Deiphobi
383 599 562 666 cubiculum
613 600 793 664 introduxit
823 600 937 687 (Virg.
978 602 1059 668 Aen·
1110 604 1143 670 6.

96 706 160 773 526
184 709 261 792 sq.):

254 799 370 875 Scilicet
393 816 425 874 id
446 837 584 895 cingnum
607 837 728 897 speruus
743 816 816 897 fore
838 838 942 874 πιανιιιι
965 829 1080 879 amana·

252 923 290 978 Ee
304 923 424 1003 santam
448 923 598 999 exstingui
620 933 745 984 veterum
767 923 810 977 cic
829 942 919 1001 posse
940 923 1101 1001 malorum

95 1021 151 1087 nbi
173 1020 225 1085 hic
255 1041 368 1084 somno
391 1040 563 1106 oppressus
591 1016 725 1082 crudelit
710 1021 761 1083 ter
782 1021 871 1106 prius
899 1021 941 1086 ob
970 1023 1025 1088 illc
1054 1047 1145 1093 more

94 1131 239 1192 veterum
253 1125 351 1189 laniat
337 1129 400 1201 6,ιιι
427 1125 524 1188 dein
516 1128 563 1215 snt
549 1123 665 1188 terficit
651 1126 714 1189 t.ur
749 1122 801 1192 cf.
817 1126 910 1213 Virg
926 1127 1007 1192 Aen.
1030 1128 1060 1197 6
1077 1131 1142 1199 494

94 1254 142 1316 sq.
191 1230 278 1296 Dict.
255 1227 405 1295 tCret.
445 1229 474 1295 5.
519 1206 568 1294 1'2
612 1227 681 1293 Alit
667 1231 717 1293 ter
756 1231 899 1317 paullum
933 1231 1075 1312 Quintus
1107 1241 1138 1303 et

94 1335 340 1423 'Dsyphiodorus
361 1356 429 1400 rem
451 1337 596 1398 narrant·
589 1334 708 1420 ,apud
728 1335 818 1399 illum
836 1337 962 1402 Helena
982 1342 1141 1407 occultata

94 1443 151 1507 sed
172 1465 192 1505 a
212 1440 361 1506 Menelao
380 1443 509 1524 reperta
537 1440 680 1524 cogitur
624 1444 749 1505 urut
770 1441 977 1529 Deiphobum
1003 1447 1142 1532 prodat3

94 1549 180 1635 apud
201 1547 285 1611 hune
305 1544 501 1636 Deiphobus
518 1567 587 1609 sese
602 1488 759 1610 defendit.

180 1651 384 1739 Respondes,
416 1650 569 1715 maiorem
598 1673 666 1715 esse
687 1651 769 1715 hane
795 1653 981 1738 mythorum
1002 1659 1143 1744 copiam,

94 1782 191 1845 quam
222 1779 304 1842 quae
339 1779 403 1820 una
434 1755 607 1838 eademque
641 1754 749 1819 fabula
779 1758 1009 1844 comprehensa
1042 1761 1145 1830 fuisse

93 1864 257 1938 videntum
280 1865 312 1924 et
334 1860 395 1924 hoe
416 1860 485 1924 iure
507 1859 635 1943 quidem
656 1883 782 1938 mones,
811 1862 837 1925 si
859 1864 901 1927 ad
922 1865 1142 1947 uestheticsm,

93 1991 190 2054 quam
213 1967 333 2043 dicunt,
355 1968 456 2031 artem
481 1970 616 2052 spectus.
650 1965 720 2033 Iam
740 1989 817 2032 vero
839 1969 931 2033 testis
946 1974 995 2034 est
1015 1971 1143 2038 Aristo-

92 2072 171 2140 tcles
192 2074 279 2160 ipsos
296 2070 438 2139 Graecos
460 2071 546 2136 hune
566 2072 599 2136 in
622 2093 762 2136 errorem
776 2074 932 2151 incidisse,
955 2075 1141 2160 vituperans

92 2180 172 2251 illud
204 2179 324 2265 ipsum,
356 2177 396 2239 de
425 2199 489 2259 quo
519 2176 661 2261 agimus,
694 2175 727 2239 in
751 2175 843 2241 Ἰλίου
874 2179 1020 2261 πίρσισιν.
1064 2180 1140 2264 Χρὴ

93 2286 137 2366 δὲ,
159 2283 262 2367 inquit
276 2281 370 2349 Post.
386 2303 413 2346 c.
438 2279 479 2345 18
493 2304 524 2366 p.
552 2278 644 2345 1456.
672 2279 720 2358 10,
745 2277 820 2362 ὅπερ
844 2282 960 2366 εἴρηται
984 2282 1141 2364 πολλάκις,

91 2392 271 2472 μεμνῆσθαι
300 2389 349 2451 καί
378 2386 422 2469 μὴ
453 2396 549 2450 ποιεῖν
579 2384 753 2450 ἓποποιικὸν
783 2384 925 2468 σύστημα
955 2381 1139 2475 τραγῳδίαν

92 2490 266 2559 ἐποποιικόν
295 2493 328 2555 δὲ
357 2492 434 2574 λέγω
464 2491 500 2556 οὗ
535 2488 740 2571 πολύμυθον,
773 2485 839 2551 οἷον
871 2487 903 2550 εί
924 2513 970 2561 τις
1000 2490 1056 2555 τὸν
1085 2501 1142 2576 τῆς

87 2595 219 2672 Ἰλιάδος
243 2592 316 2662 dtur
332 2604 414 2660 ποιιῖ
430 2601 544 2676 μῐθον·
568 2598 630 2659 ἐκεῖ
645 2595 703 2675 μέν
724 2587 783 2675 yde
807 2590 858 2654 dul
881 2590 917 2653 τό
938 2599 1038 2677 μῆκος
1059 2602 1141 2677 λαμ-

90 2700 177 2783 βάνει
199 2699 238 2763 τοὶ
251 2701 330 2782 μίρη
354 2702 388 2763 τὸ
414 2697 532 2781 πριπὸν
552 2699 685 2780 μέγεθος
706 2696 737 2760 ἐν
759 2696 793 2758 δι’
815 2704 879 2768 τοῖς
901 2697 1039 2781 δράμασι
1060 2700 1140 2763 πολὺ

90 2804 177 2890 παρὰ
207 2803 264 2884 τὴν
291 2800 451 2886 ὑπόληψιν
479 2803 649 2881 ἀποβαίνει.
695 2804 828 2882 Σημιΐον
856 2801 904 2883 δι’,
935 2800 1003 2867 ὅσοι
1032 2801 1141 2887 πίρσιν

89 2911 180 2974 Ἰλίου
211 2906 287 2990 όλην
309 2909 456 2988 ἐποίησαν
477 2906 526 2967 καὶ
549 2903 592 2986 μὴ
615 2901 696 2969 aaa&
717 2904 811 2988 μέρος
830 2903 947 2990 (ὥσπερ
969 2904 1140 2989 Είριπίδης

92 3013 215 3098 Νιόβην
242 3014 291 3077 καί
321 3009 364 3092 μή
396 3008 497 3091 όίοπτρ
519 3006 707 3093 Αἰσχύλος),
738 3007 757 3093 ἢ
781 3009 975 3074 ἐκπίπτουσιν
995 3007 1014 3092 ἢ
1038 3017 1139 3084 κακῶς
1176 3084 1180 3093 ,

91 3116 307 3198 ἀγωνίζονται,
337 3116 399 3179 ἐπεὶ
428 3116 477 3177 καὶ
508 3107 650 3196 Ἀγάθων
684 3115 820 3190 ἐξέπεσεν
849 3118 881 3178 ἐν
915 3111 1014 3202 ἓοότῳ
1040 3112 1138 3203 μόνῳ·

91 3224 123 3284 ἐν
146 3221 178 3283 δὲ
202 3231 268 3294 ταῖς
291 3221 491 3298 περιπετείαις
510 3220 559 3281 καί
583 3221 614 3283 ίν
629 3230 694 3290 τοῖς
715 3215 823 3292 ἁπλοῖς
844 3219 1001 3301 πράγμασι
1025 3217 1134 3301 στοχιί-

93 3329 194 3403 ζονται
219 3317 261 3388 ὧν
286 3323 454 3404 βούλονται
478 3329 679 3404 θαυμαστῶς·
708 3322 851 3406 τραγικόν
876 3322 935 3406 γὰρ
965 3329 1060 3390 τοῦτο
1090 3323 1139 3386 καὶ

91 3429 326 3515 φιλάνθρωπον.
378 3427 414 3494 Si
442 3451 500 3513 per
528 3450 562 3491 se
591 3429 656 3492 iam
679 3428 807 3492 minime
836 3427 972 3492 alienum
994 3430 1141 3511 apparet,

92 3533 221 3600 Attium
250 3533 432 3598 huiusmodi
464 3554 599 3617 quoque¹
617 3531 758 3598 fabulam
779 3530 950 3599 Graecam
978 3528 1142 3593 imitatum

91 3660 176 3715 esse,
202 3645 273 3704 tum
296 3639 447 3702 maiorem
469 3637 547 3702 haec
574 3640 711 3725 acquirit
733 3638 915 3703 coniectura
936 3628 1141 3720 probabilitas

91 3726 173 3827 essm,
205 3745 282 3808 uum
311 3744 395 3807 aaa
423 3743 599 3810 Androna
628 3749 661 3809 et
689 3743 802 3809 Naevii
830 3737 1029 3827 tragoedus,
1058 3759 1140 3822 quae

92 3851 166 3934 equi
194 3849 325 3914 Troiani
361 3849 598 3935 inscriptionem
631 3871 709 3936 prae
738 3871 771 3913 se
804 3845 927 3919 ferunt,
957 3841 1139 3919 contuleris,

92 3956 118 4021 si
141 3955 268 4040 quidem
290 3954 451 4042 Hyginus,
475 3956 560 4040 quod
581 3955 634 4020 vix
649 3951 929 4037 dubitarifflctest,
950 3945 1140 4033 fabuls108
