2520 4500
441 867 826 985 Praelatio.

528 1083 732 1094 ———.-

112 1174 203 1292 dmi
234 1215 425 1305 fragmenta
459 1235 560 1306 quum
594 1211 817 1302 colligerem,
852 1207 1072 1280 manifestum
1101 1217 1154 1281 est

112 1327 176 1397 tria
204 1317 285 1391 mihi
311 1317 421 1391 fuisse
448 1317 609 1410 petenda.

215 1422 376 1510 Primum,
396 1432 433 1492 ut
447 1420 556 1493 verba
575 1428 713 1513 poetae,
733 1419 847 1512 quoad
861 1421 896 1489 in
910 1427 1003 1490 tanta
1024 1417 1154 1513 depra-
1183 1459 1185 1462 .

113 1531 255 1600 vatione
289 1525 365 1597 lieri
399 1533 539 1618 posset,
583 1522 737 1612 genuina
766 1525 1026 1609 investigarem.
1080 1520 1154 1607 Qua

114 1636 148 1705 in
189 1654 247 1721 re,
289 1639 384 1703 ratus
428 1626 631 1722 permultum
672 1635 751 1720 post
790 1623 905 1696 Bothii
942 1625 1155 1717 aliorumque

113 1735 384 1824 fragmentorum
421 1732 645 1803 collectiones
656 1725 694 1810 *l
727 1728 975 1823 proficiendum
1009 1737 1157 1816 restare,

114 1862 159 1913 ne
188 1849 318 1910 temere
346 1840 464 1926 egisse
490 1837 643 1924 viderer,
671 1858 761 1908 neve
788 1834 912 1906 lectori
939 1836 1007 1926 ipsi
1035 1835 1070 1902 in
1099 1828 1158 1902 lo-

113 1946 165 2017 ois
193 1943 365 2035 corruptis
402 1941 612 2012 coniieiendi
647 1943 749 2033 copia
778 1940 935 2028 deesset,
969 1936 1157 2008 lectionum

112 2050 334 2143 varietatem,
364 2044 499 2139 qualem
526 2048 560 2116 in
590 2047 727 2137 optimis
756 2043 947 2136 quibusque
975 2062 1157 2130 eorum,e

114 2151 236 2243 quibus
269 2149 523 2251 colligebantur
555 2147 770 2239 fragmenta,
808 2150 1014 2239 scriptorum
1050 2145 1159 2216 editi-

115 2254 237 2327 onibus
264 2257 395 2343 inveni,
423 2254 596 2346 adscripsi
650 2253 720 2324 Sed
740 2274 840 2344 quum
861 2254 981 2322 critica
1010 2251 1159 2321 coniec-

114 2358 234 2429 turalis
271 2361 421 2431 maxima
458 2380 504 2430 ex
537 2367 635 2450 parte
668 2357 836 2449 penderet
870 2355 913 2426 ab
941 2356 1158 2444 argumentis

124 2460 230 2530 -id
256 2460 348 2550 quod
373 2481 444 2530 non
470 2482 558 2552 opus
586 2469 640 2531 est
666 2460 953 2531 utdemonstrem
973 2495 1010 2512 -
1030 2478 1159 2551 super-

115 2583 309 2637 vacaneum
344 2563 483 2634 omnino
512 2562 612 2650 duxi,
648 2561 823 2633 cumulare
856 2583 977 2634 omnes
1003 2565 1157 2634 virorum

116 2667 295 2740 doctorum
332 2668 574 2754 coniecturas,
615 2667 718 2737 etiam
756 2687 836 2755 eas,
882 2687 969 2758 quas
1004 2667 1158 2740 editores

114 2773 328 2861 argumentis
350 2791 420 2842 non
440 2768 639 2842 deliberatis
661 2769 855 2843 inconsulte
875 2768 1034 2842 fecerint.
1063 2761 1172 2855 Quas

115 2895 199 2947 vero
227 2884 347 2947 notatu
367 2874 545 2965 digniores
565 2876 694 2968 reperi,
721 2878 812 2948 notis
832 2875 960 2947 addidi.
998 2873 1157 2971 Ceterum

63 3017 65 3022 ·
118 2979 148 3048 si
173 2981 332 3052 iniuriam
359 2978 489 3052 habere
515 2997 711 3072 propensus
739 2981 789 3051 sis
817 3000 873 3051 me
899 2978 957 3050 bic
983 2978 1054 3050 illic
1081 2980 1158 3072 pri·-

204 3248 232 3312 *J
258 3246 411 3316 Fragmenta
448 3260 563 3304 veterum
603 3258 735 3318 poetarum
773 3249 920 3303 Latinorum
958 3267 973 3302 a
1006 3251 1157 3302 lloberto

114 3319 287 3386 Stephano
308 3327 341 3370 at
358 3319 507 3373 ilenrico
532 3322 586 3373 filio
612 3320 670 3374 coll.
707 3320 809 3373 Parisiis
829 3323 905 3379 1561.
940 3322 1036 3375 liumus
1054 3322 1124 3373 edita
1142 3337 1157 3371 a

114 3389 210 3444 'theod
229 3389 297 3445 lans.
317 3389 349 3441 ab
366 3390 437 3444 Alm
447 3392 497 3443 olo
507 3408 591 3445 veen
610 3391 797 3444 Amstelodami
810 3396 885 3449 1686.
898 3420 929 3429 -
941 3392 1082 3459 syntagma
1099 3399 1157 3442 tra-

115 3459 226 3524 goediae
246 3459 353 3511 Latinae
372 3460 412 3517 ed.
435 3460 528 3516 blart.
551 3460 663 3512 Delrio
681 3461 805 3528 Antverp.
831 3465 898 3517 1593
926 3470 952 3512 et
975 3462 1054 3516 Paris.
1080 3463 1157 3516 1620.

117 3527 199 3587 (Tam.
219 3528 272 3596 [ρ.
292 3533 326 3584 93
345 3546 401 3598 sqq.
421 3530 571 3596 -·Fmgm.
589 3539 651 3586 vett.
670 3540 755 3600 tragg
774 3532 838 3589 Latt.
857 3532 915 3588 coll.
935 3548 950 3584 a
967 3533 1042 3585 Patro
1064 3533 1157 3585 Seri·

41 3615 45 3623 ·
119 3601 205 3651 renio
223 3600 304 3668 bugd.
323 3600 377 3658 Bet.
398 3604 474 3658 1620,
487 3599 563 3656 ‚Cum
580 3604 648 3654 notis
668 3600 696 3659 G,
732 3603 752 3657 l.
773 3603 883 3655 Vossii
903 3603 963 3656 ibid.
985 3603 1060 3660 1693,
1081 3603 1156 3658 1720.

119 3692 150 3700 -
169 3662 251 3733 Opera
269 3681 296 3722 et
321 3670 464 3740 fragmenta
484 3678 545 3727 vett.
570 3679 647 3738 podtt.
671 3671 734 3725 batt.
758 3672 798 3728 cd.
828 3673 1028 3726 blattairius.
1049 3670 1157 3723 londini

118 3737 186 3788 1713
204 3739 272 3800 (Vol.
292 3739 315 3790 ll
334 3757 358 3805 p.
385 3742 451 3795 1456
469 3745 578 3810 s‘i‘ld-
590 3743 723 3794 Poetarum
743 3743 807 3793 latii
832 3746 993 3792 scenicorum
1015 3742 1156 3807 fragmenta

116 3821 214 3860 recena
235 3809 262 3865 F,
281 3810 310 3865 H.
337 3810 451 3866 Bothe.
471 3812 570 3878 Lipsiae
595 3816 671 3867 1834.
707 3813 837 3879 lnspieere
856 3828 907 3862 non
933 3813 1019 3877 potui:
1048 3811 1156 3863 Theatra

115 3875 230 3941 complet
247 3880 386 3931 desbatins
404 3897 449 3947 par
473 3881 569 3944 Laude,
589 3885 728 3949 augmentd
752 3890 801 3936 ete.
820 3898 865 3948 par
885 3880 988 3931 Duval
1008 3879 1089 3942 (Tem.
1108 3881 1156 3930 XV

114 3949 231 3996 continet
255 3948 406 4016 fragmenta)
425 3951 502 4006 Paris.
533 3954 617 4008 1823„
638 3977 670 3988 -
698 3951 817 4002 Seneca’s
843 3951 1003 4018 Tragoediam
1034 3952 1107 4002 nebat
1130 3951 1155 4004 d.

114 4014 215 4084 Fragm.
240 4016 264 4072 d.
289 4020 344 4075 utbr.
368 4020 444 4076 Rom.
467 4022 541 4088 Trag.
568 4022 651 4076 tibere.
677 4037 701 4074 v.
725 4020 890 4073 Swoboda
913 4019 996 4082 (Tum.
1024 4018 1059 4070 lil
1086 4029 1154 4078 cont,

116 4088 267 4152 comment.)
293 4087 468 4154 manases,
489 4094 563 4146 taso.
