2520 4500
94 126 137 195 56

94 286 188 351 lumis
209 285 380 348 remansit?
410 322 453 332 -
470 320 509 330 -
533 280 693 363 Quocirca
720 282 868 348 credibile
889 288 951 362 est,
981 273 1133 352 maiorem

94 389 279 476 tragoediae
306 391 432 475 partem
452 387 486 451 in
513 386 631 452 iudicio
652 386 938 466 meraritarum,
970 394 1079 456 utrum
1099 393 1133 457 in

94 516 174 582 agro
201 493 341 559 Troiano
369 491 565 578 relinquendi
596 493 805 579 praemiisque
831 493 989 559 afficiendi
1016 501 1132 575 essent,

94 610 135 664 an
161 597 337 685 expellendi
366 598 398 662 in
427 597 521 662 aliam
549 600 685 675 terram,
715 600 876 663 versatam
901 620 979 667 esse.
1003 594 1133 668 'Duces

94 725 193 790 quum
328 703 450 769 ciorum
486 705 688 788 acceptorum
720 724 876 769 memores
907 703 985 769 nihil
1021 705 1061 771 de
1092 708 1133 772 iis

94 808 244 875 constit‘
294 806 347 885 't‚
377 829 397 870 a
426 806 563 894 populo,
596 808 650 892 qui
678 807 893 889 Antenoridas
926 810 960 874 in
991 809 1134 877 hostium

93 914 164 980 loco
184 912 297 978 habuit
317 933 413 978 causa
433 911 605 976 diiudicata
625 910 723 976 fuisse
746 912 882 980 videtur.
916 912 988 979 Hac
1008 917 1134 982 ratione

93 1020 200 1084 omnia
222 1019 349 1104 egregie
370 1017 569 1082 conveniunt.
614 1014 760 1082 Antenor
781 1016 938 1083 Troianus
959 1017 1021 1084 fuit
1048 1021 1133 1087 ideo-

93 1145 156 1210 que
176 1122 293 1199 hostin
317 1119 449 1187 Graecis
464 1121 581 1186 auxilio
602 1119 674 1199 fuit,
696 1121 831 1207 ideoque
845 1123 974 1190 amicus.
1001 1124 1132 1192 Ducum

92 1229 192 1315 igitur
205 1249 306 1314 pares
328 1227 515 1303 sententiae3
537 1225 675 1313 populus
696 1230 803 1292 autem
824 1250 890 1293 non
907 1232 999 1294 curat
1020 1229 1133 1298 benefi-

53 1371 55 1375 <
93 1334 142 1398 cia
162 1334 195 1396 in
214 1332 411 1418 potentiores
433 1330 558 1397 collata.
602 1330 676 1396 Non
697 1327 779 1396 cum
793 1329 925 1398 Graecis
945 1333 1133 1402 Antenore

92 1438 197 1526 patria
217 1435 438 1524 proficiscitur,
462 1458 481 1499 a
502 1435 617 1521 quibus
636 1436 751 1500 iniuria
765 1458 799 1501 se
820 1436 968 1502 affectum
982 1443 1133 1525 conqueri

91 1543 217 1630 potuit,
239 1564 304 1606 non
325 1563 398 1606 cum
419 1540 529 1605 Aenea
550 1539 768 1626 Troianisque,
792 1542 906 1627 quibus
926 1543 1044 1608 invisus
1059 1544 1131 1624 fuit,

92 1646 150 1712 sed
171 1669 243 1712 cum
264 1647 406 1722 Venetis,
429 1645 554 1731 quibus,
577 1668 675 1730 quum
697 1646 848 1711 auxilium
869 1646 1015 1713 Troianis
1035 1649 1132 1716 laturi

91 1753 267 1829 venissent,
295 1753 332 1816 ut
353 1749 520 1828 Troianus,
543 1752 661 1815 amicus
681 1751 745 1816 fuit
769 1773 872 1837 neque
897 1752 1133 1842 invisus,..quia

92 1857 272 1923 certaminis
300 1855 471 1942 participes
584 1855 719 1922 fuerant.
762 1855 948 1923 Necessario
970 1862 1076 1926 autem
1096 1860 1130 1926 hi
1203 1858 1208 1866 ’

90 1963 124 2028 in
155 1960 353 2047 tragoediam
383 1961 449 2025 intr
531 1959 683 2038 bantur,
716 1964 754 2027 ut
783 1968 1039 2049 cognosceretur,
1071 1987 1128 2031 cur

90 2066 237 2132 Antenor
258 2089 331 2132 cum
358 2065 431 2130 filiis
460 2067 493 2130 in
521 2067 768 2133 remotissimum
798 2067 894 2132 maris
914 2067 1067 2135 Adriatici
1087 2070 1124 2133 si-

90 2195 167 2237 num
190 2192 258 2237 sese
278 2170 468 2236 conferret.“

93 2318 96 2324 ,
176 2276 229 2340 Ita
250 2275 377 2362 egregia
390 2273 575 2342 Ahrensius.
607 2273 672 2340 Sed
685 2298 750 2341 non
767 2276 846 2343 bene
860 2300 960 2343 unum
980 2278 1128 2367 neglexit,

90 2381 178 2467 quod
191 2380 349 2446 cothurno
363 2381 484 2467 optime
499 2380 645 2447 convenit
666 2379 700 2447 et
723 2382 764 2447 ad
779 2386 885 2450 totum
906 2388 1130 2471 argumentum

89 2487 320 2575 praecipueque
360 2487 549 2568 περιπετείαν
587 2489 765 2573 graviorem
798 2490 991 2556 reddendam
1024 2491 1131 2578 magni

89 2595 145 2658 cst
176 2589 338 2655 momenti.
382 2589 554 2654 Interitum
580 2590 782 2679 Pylaemenis
815 2596 857 2659 ad
883 2595 1013 2661 Troicus
1047 2595 1129 2669 dico,

89 2697 178 2762 ducis
192 2695 404 2761 Henetorum,
419 2695 490 2761 Liv.
511 2695 538 2761 1.
557 2695 593 2760 12
619 2701 743 2760 Casibus
759 2701 860 2761 deiude
875 2709 964 2762 variis
977 2697 1130 2781 (constat)

88 2805 268 2864 Antenorem
290 2825 354 2862 cum
385 2803 568 2860 multimdice
589 2804 746 2873 Horetum,
775 2808 827 2882 qui
846 2803 985 2861 seditione
1007 2824 1043 2860 ea
1064 2803 1128 2861 Pa-

86 2908 252 2994 phlagonia
272 2907 355 2991 pulsi
376 2916 404 2964 et
425 2904 506 2962 sedes
529 2921 555 2962 ec
578 2903 696 2972 ducem,
718 2923 810 2984 rege
831 2904 1062 2983 Pylaemene
1083 2909 1131 2966 cd

95 3015 240 3071 Troiam
276 3015 440 3077 amisso,
475 3006 650 3089 quaerebant
680 3010 792 3068 venisse
820 3011 850 3067 in
881 3012 1010 3068 intimum
1037 3017 1128 3070 maris
1229 3076 1231 3081 ,

89 3116 258 3176 Hadriatici
279 3120 372 3174 sinum
404 3111 476 3173 ceti.
503 3109 573 3174 Iam
592 3129 669 3172 vero
693 3128 791 3193 quum
804 3108 924 3175 Heneti
942 3111 984 3174 ad
997 3110 1128 3177 Troiam

88 3237 152 3278 non
173 3216 396 3300 pugnaverint,
418 3212 519 3278 facilis
541 3217 590 3278 est
605 3213 793 3290 coniectura,
816 3214 929 3280 ducem
949 3238 1008 3280 sua
1027 3217 1128 3302 ipsius

88 3341 185 3384 manu
206 3320 378 3394 interiisse,
402 3318 515 3382 saltem
537 3317 622 3403 apud
643 3321 757 3403 poetas
777 3318 824 3384 ita
844 3319 942 3386 firisse
963 3321 1128 3386 traditum.

90 3423 215 3506 Quibus
236 3424 331 3489 rebus
353 3422 533 3487 deliberatis
556 3422 635 3486 duas
659 3423 845 3491 crediderim
858 3425 1131 3491 Antenoridarum

87 3534 196 3616 partes
225 3528 418 3614 aequales
447 3527 560 3605 fuisse,
593 3549 727 3613 quarum
751 3529 840 3616 prior
862 3528 1055 3595 continuerit
1077 3529 1129 3592 ad-
1250 3583 1253 3590 .

88 3638 220 3698 ventum
234 3633 445 3710 Henetorum‚
469 3633 619 3698 nuncium
641 3634 681 3699 de
702 3634 818 3700 Troiae
840 3631 1075 3721 expugnatione
1095 3638 1130 3698 et

87 3737 287 3824 Pylaemenis
309 3741 463 3815 mortem3
485 3740 644 3825 posterior
664 3739 816 3804 iudicium
837 3738 916 3802 illud
932 3735 1128 3802 Graecorum

89 3847 121 3908 et
147 3842 377 3930 profectionem
402 3843 674 3913 Antenoridarum
702 3843 975 3928 Henetorumque.
1004 3883 1047 3894 -
1066 3841 1129 3909 His

87 3947 270 4034 praemissis
290 3947 470 4035 fragments
490 3948 581 4014 facile
603 3947 833 4036 intelliguntur.
