2520 4500
301 326 450 403 Divlsus3
473 348 545 390 eum
567 324 673 390 doctu
696 324 907 391 Prometheus

145 431 156 441 ’
237 430 286 498 15.
303 430 462 519 Glepslsse
483 431 558 496 dolo
579 430 760 516 poenisque
782 430 853 493 Iovi

302 537 386 602 Fato
408 536 594 624 expendisse
609 535 768 621 supremo.

144 642 313 709 Minervae
333 641 429 706 etium
451 645 526 706 sunt
555 640 752 704 admonentis
774 638 903 704 Ulixem
930 641 968 703 ut
996 641 1089 702 caute
1112 659 1184 703 eou-

145 748 346 830 sideruteque
380 744 592 810 Philoctetam
624 744 829 830 aggrediatur
862 743 1007 819 minime,
1042 744 1088 806 uit
1121 742 1184 807 sor-

145 856 241 928 tasse,
262 850 437 915 laetaretur
457 849 510 912 ille
530 849 588 924 vir,
611 849 693 913 site
715 849 864 914 comitem
886 848 961 914 olim
983 870 1076 912 suum
1098 848 1184 934 ugni-

145 962 238 1023 turus
260 958 358 1030 esset,
387 954 444 1018 sed
464 954 538 1018 tulis
560 957 609 1019 est
635 954 684 1018 ire
705 957 738 1018 et
764 954 839 1018 odio
861 953 1012 1018 adversus
1042 951 1184 1018 Gnaecos

79 1077 141 1146 103
230 1079 290 1145 IV.
323 1073 429 1156 Quem
449 1076 552 1162 neque
575 1077 660 1142 tueri
681 1075 793 1140 contri
813 1097 871 1140 neo
892 1074 982 1140 affari
1004 1095 1109 1160 queas.

144 1184 192 1250 Te
213 1183 314 1270 magis
337 1182 449 1258 etium,
472 1204 567 1266 quam
589 1181 667 1246 alios
689 1181 884 1246 detestatum

78 1304 141 1372 l04
232 1305 274 1373 V.
297 1344 341 1356 —-
354 1301 427 1377 ‚Cui
447 1302 593 1390 potestas
615 1304 643 1367 si
664 1301 774 1379 detur,
796 1306 855 1367 tua

302 1407 479 1495 cupienter
501 1408 592 1472 mulis
614 1406 758 1472 membre
779 1406 938 1493 discerpet
959 1407 1034 1471 suis.
1120 1443 1124 1449 ·

146 1514 330 1601 Respondet
350 1512 480 1578 Ulixes:

79 1634 182 1823 105Q
231 1636 291 1704 VI.
322 1635 447 1703 Contra
467 1633 518 1700 est
539 1635 678 1701 eundum
694 1633 812 1717 cautim
833 1636 867 1698 et
887 1632 1080 1719 captandum
1094 1631 1182 1699 mihi

180 1742 302 1808 uaerit:

143 2109 311 2176 uneoedsnti
326 2109 405 2166 cluet.
423 2136 455 2150 -·
473 2109 592 2172 Doctus,
611 2108 717 2162 edoctus
736 2108 860 2162 beneficia
878 2111 952 2178 ignis,
972 2108 1118 2178 quasilluc
1135 2125 1182 2161 ns-

146 2210 199 2260 que
224 2196 331 2256 deosum
357 2205 432 2249 erunt
455 2212 557 2249 arcuna,
576 2224 608 2234 -
627 2196 720 2251 Duntz.
749 2197 818 2255 Meu,
845 2197 944 2253 Welok.
968 2199 1005 2249 itu
1030 2197 1081 2249 hoc
1107 2195 1181 2266 frug-

149 2287 261 2331 mentum
278 2280 365 2347 (1511,
382 2282 429 2348 ΙΙΙ)
447 2283 539 2352 legunt
556 2292 585 2335 ut
601 2292 712 2352 quatuor
730 2287 785 2337 eius
803 2294 888 2352 perles
907 2300 963 2337 esse
982 2293 1110 2347 statuant,
1129 2286 1181 2353 pri·

147 2381 228 2417 mam:
253 2368 350 2418 lnclute
366 2400 382 2413 -
399 2401 415 2414 -
433 2369 590 2433 laertiade5
608 2370 729 2423 alteram:
754 2373 858 2422 Lemnio
877 2399 892 2411 ·
910 2402 925 2414 -
943 2374 1048 2434 Sacri&
1064 2373 1182 2424 tertium:

148 2452 281 2504 Volcania
299 2482 315 2494 ·
332 2483 346 2496 -
363 2459 429 2509 coeli
432 2473 443 2525 3
461 2466 592 2526 quartam:
611 2459 706 2508 Nemus
724 2488 739 2500 -
757 2489 772 2500 -
790 2476 918 2527 supremo.
949 2455 1002 2509 lam
1016 2440 1086 2510 'vero
1105 2442 1182 2526 quum

144 2548 207 2606 apte
224 2540 394 2607 coniungatur
411 2545 490 2610 prima
507 2561 564 2596 eum
583 2543 695 2595 secunda
714 2545 757 2596 vix
775 2559 894 2595 moneam
917 2558 1023 2595 necesse
1041 2553 1092 2607 est;
1116 2552 1180 2607 tum,

142 2643 177 2679 ne
200 2625 330 2680 vocsbnla
355 2626 447 2679 deinde
469 2632 551 2698 (qnod
576 2646 623 2698 pro
651 2629 711 2681 dein
736 2646 768 2682 ex
795 2645 847 2682 uuo
873 2638 972 2681 tuntum
999 2631 1056 2688 eod.
1084 2632 1182 2699 recepit

141 2713 243 2780 lluell.)
262 2723 341 2783 atque
359 2727 384 2767 et
401 2714 508 2769 Varroni
523 2719 633 2771 tribuam
651 2719 734 2786 iisque
756 2718 896 2770 discindam
915 2717 1014 2782 locum,
1043 2718 1108 2772 laneo
1125 2718 1181 2771 ‹lis-

140 2801 258 2855 madent.
294 2801 407 2855 Primum
432 2812 540 2858 metrum
563 2804 677 2873 postulet
704 2804 778 2870 dein,
806 2807 867 2875 quia
894 2821 996 2858 carmen
1021 2815 1123 2860 constat
1149 2822 1181 2863 ex

144 2887 241 2948 dimon,
260 2905 348 2958 snup.;
370 2898 424 2943 tum
441 2907 520 2957 vero,
547 2893 616 2961 quod
633 2894 758 2960 gravioris
778 2902 817 2945 est
837 2895 971 2958 momenti,
997 2895 1181 2946 sententiarum

144 2988 224 3028 nexus
239 2985 321 3030 totum
346 2978 432 3055 locum
450 2981 573 3046 coniungi
596 2979 677 3034 iubet.
712 2979 826 3032 llinerva
845 2981 912 3032 enim
931 2977 998 3032 Ulixi
1022 2979 1180 3046 explicatum

143 3069 198 3125 est,
214 3062 259 3114 uhi
275 3066 333 3122 sint
368 3064 471 3129 Sumus,
490 3067 535 3128 uit,
553 3067 579 3117 in
597 3066 681 3118 insula
698 3064 804 3121 Lemno.
839 3066 879 3118 En
898 3068 974 3130 euim,
993 3068 1020 3118 in
1038 3074 1180 3135 conspectu

141 3145 223 3200 habu
238 3150 378 3222 (concepta
394 3155 477 3216 tenes)
498 3152 607 3204 delubra
626 3153 759 3217 Cabirum,
778 3151 837 3204 (lein
855 3153 929 3204 vidos
947 3152 1042 3221 templu
1060 3152 1181 3217 Volcani,

140 3243 169 3288 ot
182 3235 283 3301 (vides,
308 3255 367 3291 num
384 3239 475 3307 procul
493 3239 571 3291 dubio
590 3239 640 3291 hoo
657 3239 765 3291 verbum
783 3239 945 3290 referendum
963 3247 1002 3291 est
1021 3228 1100 3291 etium
1117 3239 1180 3303 hue)

138 3337 241 3381 nemus.
261 3322 390 3379 fluitemus
409 3326 514 3396 elegans
531 3335 646 3394 systema
664 3328 855 3395 anapaesticum
873 3343 931 3378 oum
949 3326 1064 3378 clausule
1083 3325 1177 3380 Peroe·

138 3426 230 3468 minoe.

223 3515 264 3574 lv.
291 3516 405 3572 llaorob.
429 3517 482 3573 Sat.
503 3521 528 3575 6.
554 3522 578 3573 1.
602 3533 626 3585 p.
652 3522 709 3575 160.
745 3518 888 3588 Vergilius:
915 3521 971 3571 Nee
995 3519 1054 3570 visu
1071 3514 1177 3587 fiscale,

138 3615 185 3652 mc
201 3600 275 3655 dictu
292 3599 408 3672 affabilis
425 3606 481 3662 ulli.
504 3607 599 3658 Accius
616 3607 645 3656 in
661 3605 822 3658 Philoctete:
840 3633 907 3644 --

222 3703 254 3763 V.
277 3705 344 3764 Non.
367 3723 393 3776 p.
422 3712 464 3766 91.
486 3713 512 3765 5.
547 3712 700 3780 Cupientem
720 3709 891 3781 cupidissime.
921 3712 1016 3763 Aeolia
1033 3709 1177 3763 Filoctaea:

135 3790 184 3840 cui
197 3801 255 3859 pot.
272 3793 351 3845 detur
367 3806 415 3846 tua
433 3799 498 3859 Cup.
516 3814 551 3852 m.
568 3814 601 3853 m.
620 3796 647 3850 d.
664 3815 686 3849 ε.

224 3893 266 3947 vl.
288 3896 353 3951 Non.
372 3914 397 3966 p.
416 3903 475 3956 512.
499 3904 541 3958 ll.
579 3903 682 3956 cautim
710 3920 761 3972 pro
789 3916 872 3961 caute.
908 3904 1004 3955 Accius
1027 3929 1042 3941 ·
1065 3931 1080 3943 -
1104 3896 1176 3951 ldm

135 3980 279 4034 filomela:
299 4011 365 4025 --
384 3987 533 4056 (captando
552 3988 592 4041 W.
611 4004 655 4057 mg
675 3986 708 4055 1.)

456 4101 462 4117 x
946 4073 968 4138 l
