2520 4500
61 192 63 198 =
89 155 111 220 4

88 313 145 379 Xl
167 335 239 377 oum
261 313 375 399 Eurip.
398 313 510 378 ineert.
532 313 572 378 fr.
597 310 639 376 37
660 311 789 395 (Dind.)
811 312 985 377 admodum
1013 336 1142 379 eonsen-

89 419 184 483 tiunt.
229 418 337 483 Huius
370 421 416 482 rei
438 419 595 483 rationem
618 416 772 482 habentes
804 417 988 504 fragmenta
1006 421 1038 483 in
1060 421 1143 485 ordi-

89 546 162 588 nem
185 524 329 610 digerere
351 525 457 589 oouati
480 545 599 588 sumus.

180 628 324 696 Consilio
354 630 394 694 de
421 629 506 693 bello
535 633 647 694 eontra
676 628 819 693 Helenae
851 632 1016 715 raptorem
1047 635 1143 717 oapto

93 733 293 801 Graecorum
321 735 482 822 principes
512 757 585 799 oum
615 733 769 798 militibus
799 756 893 799 naves
916 736 1142 802 conscendunt.

93 838 160 921 Qui
187 862 288 926 quum
319 842 352 904 in
385 841 499 905 itinere
532 839 573 902 ad
599 840 741 925 Mysiam
770 841 978 905 Teuthrantis
1008 865 1142 927 regnum
1242 921 1248 930 ,

92 946 224 1012 classem
248 946 413 1033 appulsuri
434 949 521 1010 terra
535 944 776 1031 prohibeantur,
798 969 909 1033 pugna
931 948 1087 1022 exoritur,
1109 948 1143 1010 in

93 1076 157 1138 qua
177 1046 346 1138 Telephus
359 1050 494 1115 Achillis
515 1048 608 1112 hasta
630 1049 825 1117 vulneratur.
857 1050 909 1117 Cf.
925 1052 1018 1117 Pind.
1043 1050 1095 1117 Ol.
1111 1051 1143 1117 9.

95 1158 158 1225 107
180 1181 227 1242 sq
272 1156 387 1222 Isthm.
412 1156 442 1221 5.
466 1155 509 1220 72
532 1177 579 1238 sq
602 1153 792 1240 8.107sq
838 1157 987 1222 Redeunt
1018 1157 1142 1242 Argivi.

92 1242 178 1331 Dein
199 1262 280 1327 haeo
301 1261 398 1326 habet
419 1259 614 1346 Hyginusf.
641 1259 722 1324 101:
775 1265 876 1348 Jeep
872 1290 932 1340 uu
960 1269 1092 1326 Herculis
1117 1283 1144 1325 et

94 1382 202 1452 Angue
214 1374 302 1455 silius
325 1372 360 1429 ab
389 1371 502 1428 Achille
524 1376 553 1427 in
575 1392 679 1452 pugna
711 1369 847 1427 Clu-onis
872 1369 956 1428 hoelo
984 1393 1143 1452 percussus

94 1479 212 1536 dicitur.
256 1479 303 1534 Ea
324 1498 380 1557 quo
405 1476 522 1532 vulnere
545 1498 631 1556 quum
656 1477 686 1532 in
715 1475 776 1532 dies
799 1485 873 1532 tetro
897 1481 1026 1532 cruciatu
1051 1496 1144 1554 auge-

97 1598 189 1648 retur,
209 1585 312 1663 pelesst
311 1596 412 1637 erlem
438 1579 473 1636 ab
499 1581 645 1662 Apolline
670 1580 749 1660 quod
770 1594 844 1635 esset
875 1579 1043 1638 remedium.
1086 1582 1145 1637 Re-

95 1698 235 1781 sponsum
259 1682 364 1758 ΙΙΙιιΙ
384 1706 524 1741 nemmem
548 1683 657 1740 mederi
675 1705 783 1764 posse,
807 1684 867 1738 ηίΙι
888 1682 1005 1739 earrrlem
1027 1683 1143 1741 ΙΙσΙΙαΙη

93 1813 175 1872 qua
167 1770 351 1849 &elucratur
374 1803 446 1845 erat.
482 1787 545 1842 Hoc
568 1786 710 1868 Telephus
741 1785 791 1843 ubi
820 1786 953 1854 eredidit,
985 1787 1025 1844 ad
1046 1808 1143 1866 regem
1180 1790 1184 1799 '

95 1900 345 1976 Agamemnonem
370 1897 445 1950 venit
468 1905 494 1948 et
524 1893 640 1948 mouiu's
666 1889 914 1970 Clytaemestrae
938 1890 1106 1950 Orestem
1095 1915 1144 1949 m-

86 1999 207 2084 suulem
229 1996 265 2055 de
288 1996 438 2054 cunabulis
461 1997 560 2076 rapuit
576 1998 725 2068 minitans,
748 2019 780 2054 se
803 2018 865 2053 eum
890 2001 1063 2072 occisurum,
1090 2000 1147 2053 uiri

96 2103 154 2170 sibl
180 2102 291 2162 Achivi
322 2101 514 2158 mederemur.
570 2099 693 2158 Aelu'm'o
733 2101 828 2156 autem
865 2099 943 2180 quod
974 2114 1144 2182 responsum

97 2223 170 2274 erat,
194 2209 257 2262 siue
285 2203 512 2285 Teleplrffiuluclu
542 2204 658 2258 ΤἸσισσι
682 2207 750 2285 copi
771 2225 828 2258 nou
849 2226 947 2286 posse,
963 2205 1060 2286 facile
1082 2229 1146 2264 eum

98 2336 131 2370 eo
153 2314 184 2369 iu
205 2325 333 2390 grauem
360 2305 556 2389 redierunb'lu
580 2307 615 2362 ab
640 2306 755 2364 Achille
718 2308 933 2390 lle',pelrerurrl
958 2320 990 2365 ut
1010 2333 1072 2366 eum
1096 2334 1146 2403 su-

99 2432 192 2476 auree.
240 2413 352 2493 Quibus
383 2386 525 2469 Aelii'lrei
541 2411 709 2492 resporrdu,
740 2435 770 2469 se
801 2427 892 2470 certem
922 2413 1061 2472 medicem
1090 2438 1148 2472 uon

99 2545 195 2583 nosse.
239 2520 327 2579 Nunc
357 2516 477 2595 Ulysses
504 2522 564 2574 ml:
588 2517 657 2575 Nou
681 2528 709 2575 te
732 2517 804 2576 dreit
826 2519 949 2596 Apollo,
973 2519 1025 2576 sed
1046 2532 1148 2576 aucto-

97 2648 160 2689 rem
190 2624 316 2686 vulneris
339 2619 452 2678 hastam
476 2626 616 2682 romrflucu
664 2623 760 2703 Quam
789 2646 874 2705 quum
907 2624 1068 2680 raerssem
1097 2635 1147 2669 r·e

100 2730 242 2788 modiolus
273 2739 324 2782 ΙΙΙ.
368 2726 413 2799 A.
428 2743 483 2805 quo
515 2747 601 2819 quum
628 2736 760 2807 peterent
783 2740 813 2780 ut
840 2743 936 2779 secum
967 2715 1007 2774 ad
1032 2717 1147 2773 Troiam

99 2830 358 2917 'expugnandum
346 2844 413 2896 iret,
431 2851 487 2885 uon
504 2832 711 2908 impetrarunt,
732 2809 840 2905 quud
828 2846 853 2880 rs
870 2819 1016 2879 Loodcceu
1032 2821 1150 2894 Pri'amr

91 2939 192 3021 filiam
216 2956 335 2994 uxorem
369 2931 509 2999 ludebat,
533 2931 584 2987 sed
606 2928 639 2986 ol
663 2927 846 3021 benficium,
870 2922 948 3005 quod
970 2945 1032 2982 eum
1055 2945 1147 2981 stiua-

101 3055 180 3114 ruul,
205 3061 252 3098 eos
274 3036 393 3095 deduxit
399 3079 410 3106 ,
428 3035 516 3101 ,Ισσσσ
540 3050 634 3092 aulem
656 3047 682 3089 et
705 3036 810 3089 uiuere
832 3029 1040 3087 demonstravit
1047 3051 1059 3097 ,·
1082 3027 1148 3084 iude
1233 3026 1235 3030 ⁴

43 3119 44 3124 =
102 3148 132 3202 iu
161 3145 289 3222 Mysiam
320 3151 364 3198 eft
388 3124 551 3222 projeetus.
595 3132 686 3197 Haec
713 3131 760 3193 lta
790 3129 958 3215 Hyginus3
986 3150 1003 3191 e
1032 3126 1148 3212 qulbus

101 3244 135 3307 in
156 3243 339 3307 universum
359 3236 577 3317 oeoonoilja'am
592 3234 760 3322 Euripidei
774 3234 906 3320 Telephi
921 3233 1069 3319 eognosoi
1085 3254 1149 3297 om-

102 3349 178 3413 nino
200 3346 438 3429 eoncedendum
458 3348 516 3410 est.
564 3341 629 3408 Sed
654 3341 740 3425 quod
760 3341 812 3404 ille
834 3338 949 3416 tradit,
972 3336 1150 3422 Telephum

102 3455 209 3541 ipsum
237 3453 276 3516 de
305 3450 469 3517 cunabulis
490 3448 634 3535 rapuisse
657 3445 823 3523 Orestem,
853 3443 932 3508 illud
960 3440 1150 3526 Euripidem

103 3552 185 3646 puto
215 3555 451 3642 quodammodo
482 3557 631 3619 mutasse.
675 3552 760 3617 Nam
783 3549 889 3616 Sohol.
920 3546 962 3610 ad
983 3543 1150 3631 Aristoph.

104 3663 244 3730 Acharn.
280 3662 345 3728 322
373 3662 420 3725 ita
448 3660 540 3751 liquit:
577 3656 593 3722 ὃ
625 3656 767 3742 Τήλεφος
802 3652 882 3717 κατὰ
910 3649 966 3714 τὸν
993 3651 1151 3736 τραγῳδο-

105 3767 196 3834 πσιὸν
223 3765 403 3849 Αἰσχύλον,
428 3752 481 3829 ‘lum
508 3763 585 3850 τύχῃ
614 3762 698 3846 παρὰ
727 3768 793 3833 τοῖς
813 3753 959 3838 Ἕλλησιν
988 3754 1151 3837 σωτηρίας,

105 3873 164 3938 τὸν
196 3872 347 3958 Ὀρέστην
376 3866 436 3953 εἶχε
472 3866 643 3948 συλλαβών.
694 3865 765 3929 Iam
801 3883 877 3927 vero
913 3857 1032 3922 nemini
1064 3858 1151 3944 igno-

106 3982 179 4046 tum
205 3981 271 4056 est,
300 3975 505 4063 Euripidem,
533 3972 590 4040 ubi
617 3969 728 4037 eadem
757 3988 795 4034 ao
817 3962 992 4052 Sophocles
1020 3962 1072 4029 vel
1091 3959 1152 4026 Ae
