2520 4500
1184 141 1222 210 11

100 298 163 367 17.
264 301 378 368 XVII.
403 339 445 349 -
466 296 532 387 'Ira
552 305 648 384 atque
670 298 739 367 faro
762 297 886 364 fervere
906 300 990 385 igni,
1017 299 1194 387 insignibus

410 404 438 468 F
439 404 550 470 lore're.
575 417 617 453 '—-

269 683 346 742 xvtt.
373 684 438 742 Non.
457 704 481 753 p.
500 688 559 741 503.
575 688 619 741 20.-
645 686 736 767 Ferpr't
753 702 805 751 pro
815 682 910 752 servet
927 711 937 724 ·
957 711 970 724 ·
989 685 1027 735 Ab
1047 704 1077 737 eo
1095 687 1170 758 qnod
1185 700 1223 738 est

179 772 258 838 {invit
276 773 394 824 breviato
412 787 521 825 accentu
531 772 638 841 finiere
648 770 739 841 facit,
756 784 785 822 ut
802 772 905 841 spernit
922 790 1052 842 spernere.
1069 799 1082 812 ·
1098 799 1110 813 ·
1128 777 1223 826 Accius

182 862 209 913 T
207 858 286 930 elesa:
305 879 362 912 rere
378 873 456 930 atque
467 859 549 928 serre
560 858 654 930 firvet
668 860 727 928 igni
743 861 889 929 insignibus
909 861 1016 911 Florere
1028 858 1149 930 (servm
1165 864 1225 930 igni

182 947 313 1004 15261n
341 976 373 986 -—
393 948 463 1011 flore
490 947 550 1011 W.)
585 946 655 998 Haec
690 962 747 998 cnm
781 963 858 998 sensu
894 955 1011 1009 careant,
1042 946 1150 998 Bathins
1185 951 1221 1001 ita

180 1035 289 1103 legenda
307 1036 421 1102 putavit:
445 1052 504 1084 aere
522 1053 548 1090 a.
559 1033 589 1105 f.
600 1032 817 1119 ferver·e,d'gni,
839 1037 887 1089 ins.
908 1036 937 1090 F.
957 1042 983 1084 et
1001 1035 1027 1084 in
1053 1037 1120 1086 notis
1145 1038 1223 1106 inque

180 1138 225 1189 pro
244 1124 309 1191 igni.
345 1121 396 1171 Alii
416 1121 497 1176 aliter.
532 1123 572 1173 nt
599 1129 714 1174 nostram
739 1122 913 1175 ¹troniecturam
932 1121 983 1178 ci:
1011 1119 1062 1173 Cor
1085 1125 1132 1173 ira
1151 1123 1223 1174 isr-

180 1214 236 1263 vit.
264 1209 350 1262 Attius
365 1209 391 1261 in
409 1208 500 1277 fragm.
520 1209 641 1278 Meleagri
659 1235 693 1246 -
710 1207 880 1261 Exarsere
899 1212 996 1277 ignes
1015 1211 1135 1260 animo:
1154 1209 1224 1265 sutis

180 1301 218 1349 ira
244 1296 377 1348 cadentem
396 1294 490 1348 Ulcisci
513 1299 631 1363 patriam.
667 1296 737 1365 Virg.
757 1298 805 1349 Ae.
823 1300 848 1352 2.
867 1299 926 1353 575.
946 1325 976 1334 -
997 1278 1224 1365 Corrvertebatfiue

181 1384 323 1437 exercitum
342 1384 537 1452 insignibus
556 1386 688 1453 argenteis
707 1394 733 1436 et
752 1385 836 1436 aureis
854 1383 1042 1438 florentem.
1071 1382 1134 1441 Geli.
1154 1387 1179 1438 5.
1198 1385 1223 1440 5.

181 1469 281 1537 Pendet
298 1478 382 1522 autem
404 1471 550 1538 insignitas
563 1471 667 1539 florere
686 1471 718 1522 ab
743 1473 918 1524 antecedenti:
943 1473 1069 1536 (animus)
1079 1473 1146 1541 jero
1164 1473 1225 1542 igni

80 1555 128 1655 Q
173 1557 269 1625 servre.
