2520 4500
1082 168 1121 236 21

233 329 319 406 πρωί·
336 323 487 413 δ’ὖιιηοῖοι
510 328 568 398 σὺν
591 329 712 411 τεύχεσι
728 327 948 411 θωρηχθέντες
1148 384 1151 388 ,

232 433 369 513 νηοσὶν
389 432 451 498 ἐίιι
474 439 730 519 γλαφυρῇσιν
751 433 905 516 ἐγείρομεν
925 430 998 507 ὀξὺν
1014 432 1123 517 Ἄρηα.

76 533 122 600 Et
141 540 240 622 poeta
262 539 335 601 ante
356 539 482 604 initium
504 538 685 604 certaminis
708 537 786 602 dicit
807 536 858 622 (Il.
883 535 936 602 20,
962 535 1022 622 l.):

120 629 123 644 ¹
226 638 284 715 Ὣς
305 641 340 705 οἱ*
355 646 413 724 μὲν
434 642 542 728 παρὰ
563 644 680 726 νηυσὶ
702 642 845 727 κορωνίσι
867 640 1074 725 θωρήσσοντο

232 744 311 832 ἀμφὶ
334 748 382 826 σί,
409 747 532 830 Πηλέος
554 748 610 829 vll,
631 744 735 830 μάχης
756 743 924 830 ἀκόρητον,
947 746 1074 827 Ἀχαιοί.

32 926 34 931 ,
163 850 228 916 Ubi
248 852 493 938 Myrmidonum
515 855 704 938 argumento
731 851 904 917 terminum
932 852 1122 917 constituen-

77 957 154 1020 dum
175 958 297 1043 opinati
319 979 440 1034 sumus,
463 959 574 1044 incipit
588 955 866 1044 Epinausimache.
899 955 1022 1033 Thetis,
1041 978 1124 1042 quae

76 1061 207 1127 Achillis
229 1060 483 1140 exclamationes,
506 1080 585 1148 quas
600 1064 750 1128 nunciata
771 1064 876 1126 morte
894 1061 1039 1128 Patrocli
1061 1060 1125 1126 edi·

76 1168 141 1245 dit,
172 1166 311 1240 audivit,
340 1168 450 1231 statim
478 1169 570 1233 adest
599 1191 672 1234 cum
693 1165 884 1232 Nereidibus
911 1170 950 1231 ut
977 1166 1122 1230 luctuum

75 1295 205 1339 causam
227 1271 417 1355 experiatur.
462 1271 536 1339 Non
563 1276 654 1338 curat
674 1273 800 1349 Attius,
831 1272 919 1359 apud
940 1269 1123 1336 Homerum

75 1381 204 1444 noctem
224 1375 307 1438 inter
335 1377 424 1461 prius
447 1380 479 1442 et
507 1379 643 1453 alterum
664 1377 811 1442 Thetidis
841 1401 914 1444 oum
941 1376 1007 1441 filio
1030 1375 1122 1442 collo

77 1482 188 1566 quium
209 1479 407 1545 interiectam
421 1503 499 1557 esse,
521 1482 677 1565 siquidem
691 1482 946 1567 fragmentorum
962 1505 1123 1569 compara

77 1586 125 1650 tio
147 1607 219 1650 oum
239 1584 348 1649 Iliadis
370 1585 475 1652 verbis
497 1586 654 1663 ostendit,
677 1586 879 1672 tragoediam
901 1608 921 1649 a
941 1588 1049 1672 priore
1071 1608 1122 1673 ag-

78 1712 189 1776 gressu
217 1692 328 1754 matris
357 1690 399 1755 ad
429 1690 587 1755 Achillem
624 1691 751 1756 initium
788 1690 946 1756 habuisse.
998 1689 1127 1756 Chorus

77 1795 139 1859 fuit
160 1793 342 1871 Nereidum,
366 1797 392 1860 si
414 1799 501 1861 recte
522 1795 727 1862 Hermannus
749 1796 880 1863 Attium
894 1795 1046 1884 Aeschyli
1067 1793 1127 1861 Ne·

77 1900 180 1964 reides
202 1903 277 1965 ante
298 1901 408 1965 oculos
430 1901 579 1966 habuisse
601 1903 725 1968 statuit.

161 2003 303 2069 Achilles
325 2005 372 2069 ita
393 2009 443 2070 est
464 2006 594 2070 ultionis
625 2005 774 2093 cupidus,
804 2010 842 2071 ut
870 2007 980 2070 statim
1008 2006 1042 2070 in
1069 2028 1124 2093 pu-

74 2131 170 2196 gnam
190 2111 312 2175 irruere
334 2110 410 2175 velit
417 2134 426 2187 3
449 2110 637 2176 Patroclum
660 2113 743 2176 enim
764 2109 892 2196 (11.18.
915 2108 992 2194 81.),

231 2256 275 2266 -
297 2213 353 2278 τὸν
374 2212 432 2298 iyoi
455 2216 524 2300 περὶ
546 2213 671 2303 πάντων
692 2226 758 2281 τῖον
779 2213 910 2297 ἑταίρων

234 2315 301 2381 ίσον
321 2321 379 2404 ἐμῇ
401 2325 528 2406 κεφαλῇ·
552 2317 608 2384 τὸν
629 2319 783 2386 ἀπώλεσα.

79 2422 208 2486 Attius:

32 2552 61 2620 2,
165 2543 193 2608 l.
226 2540 319 2608 Mdrs
346 2543 439 2608 amici
467 2545 589 2631 subigit
618 2547 705 2631 quod
726 2548 770 2610 mi
799 2551 849 2612 est
871 2546 995 2614 senium
1024 2548 1124 2614 multo

384 2634 593 2717 acerrimum.

77 2753 201 2819 Deinde
222 2752 364 2820 Achilles
386 2755 473 2843 apud
494 2755 674 2822 Homerum
695 2756 747 2842 (Il.
774 2755 822 2825 18.
850 2757 952 2843 114.):

107 2892 110 2897 ’
234 2866 289 2928 νῦν
311 2856 369 2942 ιίρί
390 2858 475 2946 ὄφρα
498 2862 590 2946 φίλης
609 2865 744 2948 κεφαλῆς
766 2859 899 2947 ὀλετῆρα
920 2865 1020 2944 κιχείω

227 2962 370 3047 Ἕκτορα·

79 3065 134 3130 Ad
156 3088 236 3150 quae
255 3068 367 3133 Thetis
387 3069 588 3156 respondisse
611 3070 755 3136 videtur:

32 3195 59 3262 3,
164 3187 210 3254 11.
240 3187 366 3270 Quodsl
388 3192 533 3361 {rocedit
559 3190 663 3277 neque
683 3197 717 3258 te
737 3214 839 3280 neque
861 3215 1052 3280 quemquam
1076 3196 1122 3262 dr·

414 3295 494 3362 itror

234 3400 324 3467 Tuae
343 3400 548 3489 poeniturum
569 3403 689 3481 luridis,
712 3426 808 3489 quam
829 3408 867 3471 ut
890 3404 997 3472 serves
1019 3406 1100 3471 vide.

165 3714 183 3771 l.
208 3715 273 3773 Non.
300 3733 325 3784 ρ.
353 3723 377 3773 2.
396 3724 440 3774 22.
478 3721 581 3770 Senium
603 3733 640 3771 ιιι
664 3720 777 3770 taedium
801 3732 826 3771 ει
851 3720 940 3772 odium
960 3745 972 3758 ·
988 3748 1000 3762 ·
1025 3724 1120 3781 nius

82 3800 309 3867 Epiacusimacle:
328 3832 397 3844 --·
416 3806 531 3857 taedium
549 3824 582 3861 m.
601 3825 625 3862 a.
650 3805 756 3869 (subicit
773 3806 800 3862 L.
817 3823 852 3862 m.
874 3811 897 3861 1.
918 3833 949 3844 -
969 3826 1035 3877 quae
1058 3808 1123 3860 ιιιίίιιΙ

78 3885 126 3950 ΙΙ.)
145 3885 220 3941 Both.
239 3890 305 3941 male
323 3909 397 3962 quae.

166 3989 196 4046 ll.
223 3991 288 4046 Non.
307 4011 331 4063 ρ,
353 3998 411 4052 158.
431 3997 455 4051 3,
492 3996 676 4058 Ροιιιίιιιιιιιιι,
697 3998 792 4056 Accius
816 3997 1033 4066 Epinamimars:
1053 4025 1113 4039 -··
