2520 4500
1155 164 1197 230 2⁷

154 331 294 418 primum
315 329 495 415 fragmenta
516 332 626 416 aperte
647 326 838 402 ostendunt,
869 345 994 389 scenam
1015 322 1115 390 fuisse
1134 344 1198 386 non

154 438 187 503 in
208 435 321 503 castris
343 434 503 511 Troianis,
534 432 591 498 sed
610 434 645 498 in
665 430 816 497 concione
838 427 1052 505 Graecorum,
1079 450 1143 512 qua
1162 448 1198 493 re

153 542 302 607 universa
329 539 455 605 fabulae
476 536 661 605 oeconomia
688 536 817 623 penitus
846 537 1001 599 mutatur.
1046 529 1111 598 Sed
1136 532 1199 599 hoc

155 645 352 712 contendunt
383 645 444 710 viri
481 643 584 720 docti,
621 643 728 707 locum
757 642 990 706 commutatum
1019 659 1088 702 esse
1115 638 1199 702 intra

145 751 353 836 tragoediam
374 750 421 814 ita
442 751 480 812 ut
501 749 589 834 prior
609 770 685 834 pars
706 747 794 833 apud
817 744 975 820 Graecos,
1003 743 1103 808 altera
1124 764 1199 808 vero

155 859 194 919 ut
212 856 245 920 in
265 855 374 921 fabula
389 853 565 939 Euripides
585 853 672 940 apud
685 852 842 918 Troianos
864 853 936 915 acta
950 849 1003 915 sit.
1034 845 1100 914 Sed
1120 847 1200 914 haec

157 962 339 1027 coniectura
388 957 507 1022 nullam
560 957 656 1023 habet
704 954 1021 1022 verisimilitudinem.
1081 950 1200 1032 Quam·

156 1067 204 1132 vis
247 1066 332 1130 enim
365 1064 559 1140 nesciamus,
611 1084 778 1147 quousque
819 1063 1038 1126 Romanorum
1086 1061 1200 1144 poetae

110 1213 113 1218 -
154 1171 261 1237 choris
284 1168 348 1231 sint
370 1169 428 1246 usi,
449 1173 558 1234 tamen
578 1169 640 1236 hoc
661 1168 867 1236 statuendum
888 1188 928 1230 ex
949 1164 1136 1250 fragmentis
1156 1163 1201 1228 iu-

154 1276 244 1348 dico,
267 1271 380 1337 choros
403 1273 443 1338 ab
464 1275 503 1338 iis
526 1273 652 1341 Graeco
674 1297 762 1340 more
785 1272 945 1338 adhibitos
968 1291 1046 1344 esse,
1069 1268 1201 1333 mutatis

156 1378 275 1442 scilicet
296 1378 330 1442 in
351 1378 542 1444 carminibus
564 1380 725 1444 mutandis
747 1400 827 1464 quae
848 1375 984 1443 Latinae
1005 1374 1133 1459 linguae
1152 1371 1202 1438 vel

156 1481 219 1544 arti
241 1482 391 1546 metricae
412 1504 476 1546 non
498 1483 735 1550 conveniebant.
767 1485 837 1548 Iam
858 1504 935 1547 vero
955 1501 1119 1564 nunquam
1139 1499 1202 1543 sce

156 1608 198 1649 na
227 1588 388 1663 mutatur,
418 1590 456 1651 nt
485 1587 553 1672 ipse
575 1588 677 1654 Vater
706 1588 726 1653 l.
751 1610 778 1653 o.
806 1611 838 1673 p.
861 1584 1025 1650 XXXIII
1045 1582 1201 1669 perhibet,

156 1692 217 1755 nisi
245 1691 302 1756 ubi
330 1692 415 1755 idem
437 1696 545 1756 manet
575 1691 691 1758 chorus
721 1695 758 1756 ut
786 1692 819 1755 in
839 1689 939 1754 Aiace
970 1686 1148 1772 prhocleo
1169 1690 1203 1751 et

156 1796 387 1861 Eumenidibus
409 1795 570 1883 Aeschyli.
616 1796 729 1863 Ulixes
751 1800 859 1861 autem
882 1798 914 1858 et
934 1791 1126 1866 Diomedes,
1150 1791 1204 1873 qui

157 1901 190 1964 in
212 1904 317 1964 castra
337 1901 478 1966 Troiana
498 1904 697 1987 speculatum
719 1902 818 1978 ibant,
847 1899 981 1964 chorum
1005 1894 1204 1962 Graecorum

153 2004 315 2070 adducere
336 2028 402 2069 non
422 2009 581 2091 poterant,
602 1999 640 2070 id
660 2007 747 2092 quod
767 2028 826 2092 per
846 2027 879 2070 se
901 2004 1021 2068 clarum
1043 2003 1101 2066 est.
1140 1999 1204 2066 De·

152 2109 227 2174 inde
249 2108 444 2195 fragmenta,
469 2133 550 2195 quae
572 2112 614 2176 ad
635 2111 884 2178 confirmandam
906 2107 997 2179 illam,
1014 2105 1204 2171 sententiam

153 2236 175 2277 a
187 2214 311 2280 Vatero
325 2214 458 2299 aliisque
472 2215 666 2281 afferuntur:
687 2217 747 2284 IV.
763 2215 858 2282 VIII.
873 2213 956 2280 XII.
971 2211 1081 2288 XIII,
1106 2232 1205 2295 quum

154 2317 306 2403 explicari
327 2342 392 2384 non
413 2321 539 2405 possint
560 2322 621 2386 nisi
642 2323 675 2386 in
698 2322 813 2387 castris
828 2318 1044 2385 Troianorum
1066 2338 1204 2402 pronun-

155 2422 250 2498 ciata,
273 2424 401 2489 minime
416 2424 507 2489 nobis
527 2430 719 2513 repugnant,
740 2427 840 2490 immo
855 2423 963 2511 potius
977 2421 1084 2486 favere
1100 2420 1205 2485 viden-

157 2527 212 2589 tur
234 2525 408 2592 dummodo
437 2529 632 2595 consulueris
659 2530 849 2597 Homerum.
896 2525 989 2607 Quae
1016 2548 1093 2591 vero
1120 2525 1205 2590 idem

156 2630 298 2696 Vaterus
321 2653 395 2696 cum
417 2631 561 2697 versibus
575 2632 758 2720 Euripideis
779 2633 969 2719 composuit,
991 2630 1107 2695 nullius
1130 2633 1206 2696 sunt

155 2737 311 2801 momenti
318 2760 328 2813 ;
358 2759 434 2800 nam
461 2741 499 2803 ut
527 2741 666 2815 taceam,
696 2739 968 2826 comparationem
988 2736 1082 2800 nimis
1110 2735 1205 2831 longe

153 2841 340 2907 arcessitam
357 2863 435 2918 esse,
459 2842 530 2926 quis
544 2845 708 2929 negaverit
730 2843 891 2930 permulta
905 2843 1001 2909 etiam
1016 2845 1097 2918 tum,
1120 2841 1148 2905 si
1171 2840 1205 2905 in

156 2948 305 3012 concione
329 2945 528 3014 Graecorum
549 2969 601 3012 res
628 2949 797 3035 agebatur,
827 2970 899 3014 cum
921 2945 1096 3032 Euripides
1116 2943 1204 3010 fabu·

157 3047 205 3112 lae
225 3051 433 3118 adornatione
464 3074 640 3139 congruere
662 3053 823 3130 debuisse,
854 3074 952 3137 quum
974 3051 1086 3115 eodem
1107 3049 1204 3119 modo

156 3155 195 3218 ut
216 3154 302 3239 apud
322 3155 480 3223 Troianos
501 3156 626 3235 Dolon,
658 3158 746 3244 apud
767 3156 910 3225 Graecos
932 3154 1044 3223 Ulixes
1072 3159 1105 3220 et
1125 3154 1225 3243 Dia

156 3256 264 3322 medes
287 3258 500 3345 speculatores
522 3262 753 3348 delegarentur.

244 3361 302 3428 Sin
330 3364 377 3428 ita
404 3387 455 3430 res
485 3389 553 3432 sese
581 3368 697 3446 habet,
726 3373 764 3436 ut
793 3391 887 3435 scena
915 3388 1018 3451 usque
1038 3367 1080 3430 ad
1106 3365 1202 3432 finem

153 3468 265 3533 eadem
294 3472 501 3549 remanserit,
533 3472 616 3538 illico
644 3473 748 3551 vides,
777 3473 862 3538 Attii
887 3471 1029 3536 fabulam
1058 3469 1201 3534 Rhesum

153 3573 308 3660 appellari
329 3597 394 3640 non
415 3577 576 3663 potuisse,
600 3599 698 3662 quum
721 3579 761 3642 de
782 3577 881 3642 Rhesi
900 3575 996 3641 rebus
1019 3575 1201 3661 expositum

151 3675 196 3740 sit
223 3680 466 3758 tantummod03
488 3682 557 3746 vice
586 3704 678 3747 versa
704 3683 759 3747 vix
788 3681 1012 3757 concesserim,
1034 3679 1200 3767 Euripidis

153 3776 295 3847 Rhesum
315 3782 558 3873 Nyctegresiam
588 3789 663 3874 apte
683 3786 836 3875 appellari
862 3786 1016 3874 potuisse.
1060 3785 1200 3852 Videtur

151 3885 237 3949 enim
257 3911 323 3954 non
343 3889 390 3954 ita
411 3889 626 3957 Troianorum
649 3893 777 3969 concio,
800 3914 896 3977 quam
917 3889 1106 3957 Danaorum
1128 3911 1199 3955 con-

148 3988 258 4055 silium
278 3991 507 4081 Nyctegersiae
528 3995 655 4062 nomine
676 3995 872 4083 appellatum
891 3995 1000 4062 fuisse.
1032 3993 1116 4060 Nam
1137 3993 1199 4059 hcc
