2520 4500
135 131 180 201 ll)

135 291 252 362 Finitis
273 292 471 360 orationibus
491 294 591 361 duces
610 293 811 372 dissentiunt,
836 299 909 361 uter
916 248 1081 362 ιειετοὶῐιιί
1101 296 1174 384 plus

135 397 301 484 profuerit.
345 399 451 465 Immo
479 399 627 464 rixantur
652 398 853 486 Agamemno
884 405 918 466 et
948 400 1113 467 Menelaus
1141 405 1175 467 et

136 502 374 570 vehementibus
395 502 500 569 verbis
530 504 724 569 altercantur
743 505 827 570 inter
848 526 891 571 se.
935 505 1083 573 Menelao
1103 529 1175 573 con-

136 607 265 674 veniunt
286 607 381 674 haee:

70 726 120 795 77.
221 729 321 796 ΧΙΠ.
353 728 422 797 Cur
443 731 553 797 vetere
573 735 640 798 tam
664 753 703 796 ex
725 731 792 798 alto
814 732 983 819 ippetissis
1004 732 1137 798 discidia

343 834 571 923 Agamemno?

136 941 189 1006 De
207 940 382 1006 'veteribus
413 941 553 1007 discidiis
584 940 624 1009 cf.
668 940 801 1029 Telephi
833 940 874 1008 fr.
910 941 978 1008 VII
1013 944 1046 1007 et
1080 941 1176 1009 VIII.

136 1043 257 1111 Nestor
278 1046 414 1132 denique
435 1047 572 1112 suasisse
592 1045 735 1124 videtur,
768 1058 805 1111 ut
825 1067 878 1110 res
897 1067 956 1133 per
983 1045 1053 1111 illos
1074 1046 1179 1112 decer-

136 1153 249 1229 natur,
278 1173 375 1238 penes
407 1173 489 1236 quos
518 1151 790 1238 expeditissimum
821 1152 864 1217 sit
891 1150 932 1216 de
953 1171 991 1216 ea
1014 1150 1177 1218 iudicium.

136 1254 220 1320 Nam
244 1256 402 1324 Troianos
436 1257 524 1344 ipsos
552 1257 673 1344 optime
700 1256 799 1334 scire,
832 1258 906 1321 nter
941 1277 997 1322 ecs
1032 1255 1180 1342 graviore

137 1361 254 1427 damno
283 1361 431 1429 affecerit.
475 1361 691 1427 Arcessnntur
718 1361 820 1448 igitur
848 1359 982 1448 captivi,¹
1016 1381 1035 1426 e
1062 1359 1179 1446 quibus

137 1465 273 1532 nobilior
294 1465 407 1550 aliquis
429 1465 562 1533 dixerit:

70 1578 121 1648 78.
223 1587 319 1654 XIV.
350 1586 437 1654 Hem
464 1587 577 1654 vereor
611 1589 684 1675 plus
724 1608 819 1676 quam
855 1587 906 1652 fis
935 1584 985 1653 est
1015 1587 1179 1674 captivum

449 1692 580 1759 hiscere.

136 1798 292 1884 (Possunt
312 1801 421 1863 tamen
448 1801 481 1862 et
508 1795 624 1863 Graeci
652 1796 816 1862 cuiusdam
846 1798 941 1884 esse.)
971 1795 1062 1863 Ulixi
1090 1818 1179 1864 arma

136 1906 184 1969 ita
203 1901 433 1968 adiudicantur.
814 1960 820 1969 .

138 2008 256 2094 Incipit
277 2005 377 2074 altera
401 2007 586 2095 tragoediae
607 2030 692 2095 pars,
716 2006 905 2096 Sophoclea.
926 2007 1012 2073 Aiax
1024 2009 1068 2093 (v.
1083 2004 1172 2090 462):

120 2132 123 2138 ⁴
293 2130 343 2192 καὶ
365 2139 453 2193 ποῖον
475 2127 562 2210 ὄμμα
584 2130 677 2214 πατρὶ
698 2128 828 2212 δηλώσω
849 2130 955 2214 φανεὶς

296 2237 477 2319 Τελαμῶνι;
499 2238 565 2306 πῶς
585 2257 624 2314 με
645 2229 794 2315 ,τλήσεταί
812 2231 880 2298 ποτ’
906 2235 1026 2299 εἰσιδεῖν

293 2333 410 2419 γυμνὸν
431 2335 566 2421 φανέντα
587 2341 650 2400 τῶν
669 2334 830 2422 ἀριστείων
848 2335 924 2423 ἄτερ
965 2365 967 2369 ’

278 2431 340 2505 *niv
361 2438 457 2515 αὐτὸς
478 2439 546 2522 ἴσχε
567 2441 721 2528 στέφανον
742 2439 879 2516 εὐκλείας
898 2441 1015 2532 alym

139 2567 250 2635 Attius
272 2562 407 2642 eundem
426 2562 473 2628 ita
492 2562 676 2649 loquentem
697 2563 790 2630 facite

72 2679 124 2749 79.
225 2686 304 2754 XV⁴
334 2685 444 2752 Maidr
464 2687 526 2750 erit
545 2686 651 2753 luctus
681 2687 753 2753 crim
775 2709 826 2751 me
852 2687 1038 2749 damnatum
1060 2679 1180 2748 audiet.

140 2972 282 3020 Armorum
299 2960 416 3016 iudicio.-
427 2989 493 3002 —·-
504 2962 718 3032 Distinguendum
730 2962 797 3013 inter
814 2955 986 3011 dissidium
1004 2957 1141 3023 (dissideo)
1154 2967 1182 3010 et

142 3061 470 3133 transremensis.)
488 3094 521 3105 -
540 3067 683 3138 appetam
705 3072 745 3117 aa
769 3040 823 3110 tn.
853 3046 914 3128 λεγ.
957 3088 988 3100 -
1024 3061 1077 3118 cs:
1112 3060 1180 3125 osu

142 3158 336 3239 causaspeeis
357 3153 508 3207 exalto?
544 3153 613 3222 Virg.
631 3152 678 3208 Ae.
698 3154 722 3208 8.
741 3153 803 3238 395.
1184 3216 1186 3223 ¹

226 3259 294 3316 xlv,
322 3259 569 3326 Nou.p.120.28.
606 3257 712 3308 Hiscere
729 3266 766 3307 ese
783 3255 891 3324 proprie
908 3253 988 3324 loqui.
1015 3256 1111 3307 Accius
1128 3257 1183 3305 Aa·

142 3365 243 3402 morum
267 3344 381 3398 iudicio:
405 3372 474 3384 ·--
499 3347 559 3397 dem
583 3359 679 3394 vereor
695 3341 740 3408 A.)
766 3339 815 3399 Gt:
837 3341 960 3393 Veresr
983 3355 1026 3392 me
1049 3339 1182 3397 incedere.

142 3436 226 3489 Plane
244 3432 296 3489 llil.
315 3431 351 3501 gl.
369 3437 396 3489 4,
415 3436 440 3489 7.
459 3429 584 3487 2.-llec
601 3430 668 3480 scire
684 3429 731 3483 ias
750 3438 799 3482 est
815 3429 910 3484 omnia.
927 3427 989 3485 Hor.
1008 3425 1093 3483 carm.
1112 3429 1139 3482 a
1154 3427 1183 3484 4.

142 3525 185 3579 22.
204 3549 240 3561 -
256 3518 310 3574 Nec
327 3519 448 3572 attollere
464 3517 554 3571 oculos
572 3524 617 3568 aut
632 3515 762 3569 hiscere
786 3515 924 3573 audebant.
959 3514 1013 3572 Iis.
1029 3515 1060 3574 d.
1079 3516 1121 3569 16.
1140 3516 1187 3573 13.

228 3625 282 3682 XV.
304 3624 371 3678 Non.
387 3638 413 3690 p.
431 3623 490 3679 276.
509 3624 550 3679 ³1.
586 3623 721 3676 Damnare
746 3633 783 3674 est
801 3619 899 3673 damno
922 3617 1039 3692 afficere.
1058 3648 1073 3661 -
1091 3645 1107 3658 ·
1124 3617 1186 3671 ua-

143 3730 234 3764 mnare
254 3723 292 3764 ese
316 3713 399 3764 morti
422 3710 496 3762 dare.
519 3739 534 3754 ·
553 3741 568 3753 -
592 3716 686 3763 Accius
708 3714 849 3761 Armorum
875 3704 986 3758 iudicio:
1010 3732 1077 3744 --
1102 3703 1185 3769 „Non

143 3807 215 3852 recte
231 3798 281 3851 hoc
296 3796 394 3851 Nouius
416 3797 492 3851 morti
510 3797 596 3850 datum
619 3796 764 3865 significare
786 3794 904 3860 putavit,
929 3809 1007 3862 quum
1030 3792 1124 3846 damno
1139 3792 1186 3846 sl-

109 3856 239 3941 *iectnn
259 3885 303 3939 vel
320 3886 347 3936 in
365 3885 460 3937 iudicio
479 3885 601 3938 reiectum
619 3885 710 3937 ποιοῦ*
728 3881 813 3933 Herm.
842 3879 973 3950 Nusquam
991 3881 1112 3935 damnus
1129 3895 1186 3935 non

144 3973 233 4028 addito
252 3974 335 4042 capies
353 3973 395 4026 vel
413 3973 504 4042 capitis
521 3988 568 4041 pro
587 3971 662 4025 morti
677 3969 740 4022 dere
757 3966 884 4022 invenies
