2520 4500
185 915 223 968 De
242 913 268 966 L.
287 913 350 966 Attii
369 915 443 966 vita
462 914 563 966 abunde
583 915 724 982 disputavit
743 914 800 968 Car.
819 915 972 986 Stabiberg:
1001 917 1139 985 Commen-

99 1023 203 1075 tatiouis
221 1021 255 1072 de
273 1019 299 1074 L.
318 1019 382 1071 Attii
404 1021 458 1070 vita
482 1029 508 1071 et
532 1021 633 1086 scriptis
659 1019 791 1085 particula.
820 1019 923 1077 Dissert.
946 1006 1033 1091 inaug.
1069 1024 1140 1075 Halia

99 1130 175 1183 tatt.
195 1153 227 1164 -
248 1125 286 1177 De
304 1126 446 1177 nominis
470 1126 646 1190 scriptura
670 1139 737 1191 qrrae
753 1124 820 1175 diota
842 1127 892 1176 iam
910 1127 1019 1178 suntab
1038 1127 1094 1178 aliis
1114 1137 1140 1178 et

97 1233 222 1299 repetita
232 1228 273 1280 hic
291 1244 378 1280 rursus
391 1227 508 1294 proferre
521 1227 600 1282 nolui,
620 1225 660 1281 cf.
674 1227 739 1279 Jahn
769 1238 794 1279 et
807 1229 936 1290 Heinrich.
958 1234 991 1284 ad
1005 1232 1072 1286 Pers.
1090 1241 1138 1287 sat.

31 1334 34 1339 ’
99 1342 123 1390 1.
141 1332 186 1394 50,
221 1328 367 1401 Stls'triberg.
385 1332 402 1388 1.
422 1348 443 1387 o.
463 1348 487 1400 p.
508 1334 531 1386 1.
550 1330 656 1388 Ritschi.
675 1332 778 1401 Parerg.
801 1333 880 1390 Piaot
900 1338 986 1390 1..36.
1014 1336 1138 1404 Equidem

98 1448 184 1507 persto
203 1441 229 1490 in
241 1440 368 1489 sententia
388 1454 486 1500 eorum,
506 1439 591 1505 quiet
608 1437 733 1488 Attium
754 1447 780 1489 et
798 1439 929 1492 Accium
948 1442 1004 1491 iure
1022 1445 1138 1510 usurpari

99 1543 270 1605 contendunt,
290 1543 418 1595 Actium
438 1558 500 1594 vero
519 1541 599 1599 falso:
624 1544 715 1610 quibus
734 1543 922 1596 Lachmannum
942 1560 1045 1612 quoque
1063 1563 1140 1597 acce·

98 1647 170 1711 dare,
188 1649 270 1698 virum
289 1647 489 1715 orthographiae
507 1645 613 1698 Latinae
631 1649 820 1713 peritissimum,
838 1656 866 1698 ut
884 1651 938 1699 eius
955 1642 1063 1700 Lucretii
1083 1651 1140 1702 eie-

98 1748 248 1824 g'aotissima
273 1752 353 1803 editio
379 1751 481 1818 prodit,
515 1749 582 1800 haud
616 1753 687 1817 parvi
720 1754 842 1804 momenti
869 1753 1054 1805 haesitantibus
1083 1772 1140 1806 essa

99 1858 204 1928 iudico..

184 1960 225 2013 Ad
242 1959 437 2026 disposltiouem
457 1959 526 2027 quod
544 1960 636 2017 attinet
654 1969 896 2016 commentationum
917 1964 950 2015 de
968 1964 1060 2016 iabuiis
1079 1978 1137 2015 cre-

98 2068 201 2135 pidato,
220 2081 325 2134 quarum
345 2065 425 2133 ionga
441 2067 523 2117 maior
541 2065 746 2134 fragmentorum
765 2084 885 2118 numerus
904 2076 1034 2134 superest,
1057 2070 1136 2120 secuti

98 2160 326 2226 sementationem
339 2168 470 2241 WeUreri
488 2168 665 2238 aliorumque,
684 2172 726 2238 qui
742 2171 882 2223 secuudum
907 2175 1054 2225 carmina
1081 2191 1141 2240 cy-

100 2277 201 2340 clica,
222 2293 237 2328 e
256 2273 348 2344 quibus
366 2282 517 2342 argumenta
535 2272 676 2337 fluxerunt,
692 2277 840 2344 tragoedias
858 2277 1051 2333 ordinaverunt.
