2520 4500
96 125 139 192 34
167 149 172 156 -
580 60 646 141 ³*

95 283 222 349 Todten
244 282 448 368 gebiihrende
468 283 581 360 Recht‚
605 285 742 349 sondern
765 285 879 349 darum
899 285 1053 364 handelta,
1077 287 1138 352 den

95 389 311 454 verkannnten
332 387 438 453 hohen
461 389 577 454 Werth
601 389 657 453 des
678 389 756 453 Aias
778 413 835 455 zur
855 391 958 456 vollen
979 358 1138 456 Anerken-

95 516 183 580 nung
204 517 244 557 zu
273 492 416 579 bringen.
460 493 576 558 Dieser
603 495 713 559 zweite
734 494 826 559 Theil
856 496 912 559 des
936 496 1073 561 Dramas
1094 498 1138 560 ist

95 597 266 684 gleichsam
294 597 345 660 die
366 596 634 685 Rechtfertigrmg
662 599 719 662 der
746 623 808 665 von
829 599 938 664 Athen
966 600 1039 664 dem
1059 600 1138 664 Aias

31 690 35 768 ‚⁸
95 704 284 768 erwiesenen
316 700 501 767 heroischen
530 703 737 790 Verehrung,
772 703 888 769 welche
920 706 1033 769 immer
1065 729 1137 769 zum

95 806 455 893 Anlmiipfungspunkte
488 809 539 871 ein
572 806 726 873 Grabmal
755 809 949 895 verlangte.“
992 808 1137 886 Accedit,

96 912 183 998 quod
202 911 381 998 fragmenta
402 911 483 1001 VII,¹
501 913 601 991 XIII,
623 935 704 1011 quae
717 913 904 993 Hermanno
923 915 1138 979 coniecturam

96 1040 186 1082 suam
216 1017 399 1091 suaserunt,
429 1039 494 1080 non
521 1010 640 1082 habent
669 1018 755 1103 apud
768 1010 990 1104 Sophoclem,
1020 1021 1070 1083 cui
1092 1041 1138 1084 re-

95 1122 272 1208 spondeant
291 1120 445 1204 facileque
466 1121 567 1206 priori
588 1123 674 1207 parti
694 1121 820 1198 ¹fabulae
840 1124 1033 1213 inseruntur.

182 1226 267 1291 Illud
288 1225 384 1290 etiam
406 1225 497 1289 valde
528 1224 660 1290 dubium
683 1231 747 1303 est,
775 1214 853 1291 num
875 1208 998 1314 strages
1020 1250 1139 1292 armen-

96 1336 221 1409 torum,
252 1353 335 1416 quae
357 1329 525 1415 Sophoclis
546 1330 639 1397 Aiaci
659 1331 808 1416 proxima
829 1334 941 1398 mortis
963 1338 1138 1410 causaest,

96 1438 204 1502 statim
233 1440 308 1522 post
330 1456 491 1499 armorum
522 1434 674 1501 iudicium
703 1436 736 1500 in
766 1436 1019 1503 eademtabula·
1032 1439 1141 1524 posita

96 1541 203 1609 fuerit.
248 1540 431 1606 Secundum
454 1538 612 1606 Graecam
634 1543 834 1627 tragoediam
855 1565 919 1609 nex
944 1543 1139 1608 intercessit:

97 1650 191 1721 nocte
212 1646 309 1711 etiam
330 1646 453 1712 facinus
468 1646 674 1711 commissum
694 1646 773 1732 fingi
792 1646 898 1732 aptius
919 1651 968 1711 est
989 1651 1022 1711 et
1043 1648 1141 1715 credi

96 1753 199 1819 bilius.
243 1750 354 1826 Adde,
389 1766 453 1816 non
474 1771 583 1816 omnes
611 1754 724 1835 poetas
756 1751 882 1815 novisse
910 1751 972 1818 hoc
993 1751 1137 1819 factum:

97 1881 173 1925 nam
200 1877 302 1939 neque
322 1853 490 1929 Arctinus‚
519 1875 621 1938 neque
650 1856 705 1940 qui
732 1853 853 1940 Necyia
878 1858 1067 1942 composuit,
1088 1880 1139 1925 ne·

99 1983 161 2046 que
181 1958 341 2025 Pindarus
362 1958 402 2022 de
423 1980 461 2025 eo
484 1958 661 2043 quidquam
678 1961 900 2029 tradiderant

186 2063 301 2132 Oritur
328 2063 462 2147 denique
491 2067 664 2148 quaestio,
681 2066 733 2131 cui
760 2067 937 2131 iudicatum
969 2066 1133 2133 tribuerint

99 2175 222 2258 politae.
266 2169 320 2235 De
352 2167 503 2254 Aeschyli
534 2169 642 2234 fabula
674 2168 751 2234 haec
790 2172 927 2236 servavit
960 2169 1066 2240 Schol.
1099 2171 1139 2239 ad

97 2274 262 2362 Aristoph.
292 2272 432 2340 Acharn.
463 2270 542 2337 848:
574 2269 718 2354 ὁστίχος
747 2273 808 2338 ἀπὸ
834 2272 998 2360 Ιὁράματος
1019 2274 1140 2359 Αἰσχῦ·

98 2383 153 2443 λου
174 2376 293 2441 ‘'onlom
318 2379 445 2461 κρίσεως
473 2376 729 2460 ἐπιγεγραμμένου
756 2379 788 2444 ἓν
816 2369 840 2467 ᾧ
868 2381 1050 2445 ἐπικαλεῖται
1086 2379 1143 2457 τὰς

98 2485 254 2567 Νηρεΐδας
275 2507 320 2557 τις
342 2479 527 2558 ἐξελθούσας
547 2492 646 2564 κρῖναι
669 2479 749 2567 πρὸς
768 2482 826 2566 τὴν
850 2484 950 2550 Θέτιν.
986 2484 1142 2571 Attamen

99 2586 267 2673 quominus
289 2602 335 2652 ex'
349 2587 435 2652 hisce
456 2586 633 2673 colligatur,
656 2585 808 2652 Nereides
830 2592 864 2652 et
883 2586 1141 2653 Thetiniudieea

97 2691 197 2759 fuisse
222 2691 284 2756 hoc
312 2692 446 2778 impedit
473 2693 523 2774 (ut
553 2694 647 2757 acute
673 2691 862 2756 Welekerus
891 2682 1138 2769 animadvertit),

98 2794 187 2880 quod
207 2794 292 2858 Aiax
313 2816 409 2858 <rausa
431 2794 545 2858 cecidit
566 2794 697 2868 iniuria3
721 2792 856 2855 debebat
878 2789 962 2854 euim
976 2809 1065 2853 arma
1086 2808 1139 2850 cu-

97 2899 183 2964 ferro
211 2900 245 2963 et
273 2901 406 2984 propter
433 2895 655 2961 fortitudinem
683 2894 871 2971 [maximam
899 2894 975 2975 post
996 2889 1137 2966 Achillis,

100 3008 139 3071 ut
158 3005 227 3090 ipse
253 3001 366 3068 Ulixes
394 3003 533 3067 testatur
555 2996 655 3083 Soph.
683 2996 736 3062 Ai.
761 2994 844 3061 1340
864 2997 925 3081 sq.)
946 2999 979 3062 et
1004 2999 1139 3082 propter

100 3109 319 3193 cognationem
334 3105 502 3192 (Telamon
520 3108 553 3168 et
565 3101 682 3168 Peleus
703 3100 818 3167 fratres
835 3099 937 3186 ficere)
959 3104 991 3167 et
1004 3102 1139 3187 propter

101 3213 281 3289 amicitiam,
304 3211 419 3297 quibus
439 3209 556 3275 Achilli
577 3205 763 3277 coniunctus
784 3205 897 3273 fuerat.
937 3207 1018 3272 Inde
1039 3227 1145 3289 quum.

98 3318 179 3385 deos
200 3316 331 3381 iniurios
351 3317 472 3400 fingere
493 3335 557 3378 non
583 3310 709 3385 licuerit
730 3315 865 3396 poetae,
887 3311 966 3377 bene
989 3310 1141 3376 observat

101 3422 277 3491 Ahrensius
304 3421 368 3505 (ed.
396 3417 512 3485 Aesch.
541 3415 654 3487 Didot.
683 3439 726 3503 ρ.»
745 3414 823 3501 213)
862 3415 908 3479 ita
942 3416 1012 3482 tolli
1044 3434 1141 3499 posse

22 3590 24 3594 ,
98 3523 321 3593 difficultatem
350 3524 448 3600 hanc,
478 3524 515 3587 ut
536 3519 620 3587 Aiax
641 3519 722 3586 falsa
748 3521 932 3589 testimonia
956 3519 1141 3604 indignatus

102 3632 247 3701 Thetidis
270 3652 306 3696 os
328 3629 471 3695 divinum
491 3614 633 3700 testatus¹
659 3625 715 3692 sit.
744 3625 810 3691 Res
832 3627 883 3690 est
909 3638 984 3691 sane
1003 3620 1143 3689 ciffidhs

103 3736 295 3811 diiudicata,
324 3738 361 3798 ut
382 3732 426 3799 nil
448 3731 488 3797 ab
510 3731 716 3816 omniaparte
729 3733 861 3802 certum
891 3727 1015 3810 assequi
1042 3725 1141 3812 possi·

100 3863 192 3918 .mus;
214 3838 442 3925 expeditiorem
457 3839 564 3903 tamen
577 3834 818 3920 intelligentiam
832 3831 1142 3916 commodioremqua

102 3944 343 4032 explicationem
362 3941 459 4016 Attii
472 3941 726 4029 fragmentorum
746 3976 791 3991 --
811 3935 963 4026 Aeschyll
979 3937 1067 4005 euim
1083 3935 1141 4003 cil
