2520 4500
42 119 110 189 ’30

66 275 175 345 Verba
196 277 281 343 haee.
295 300 377 364 equo
399 279 552 366 inscripta
576 278 686 345 retulit
714 279 828 366 aliquis
848 280 889 346 de
910 277 1110 347 Graecorum

67 383 157 449 abitu
163 388 333 470 exponens.
350 383 449 450 Sinon
457 384 823 474 adduciturapiseatore,
833 386 888 473 qui
896 386 1111 474 eumreperitt

7 479 62 546 145
152 489 196 555 ΙΙ.
225 488 278 556 Eo
299 490 374 554 inte
395 493 505 567 noote,
535 491 665 556 extenta
685 491 766 556 retia
788 491 826 555 rit
848 489 1052 577 proveherem
1077 495 1112 556 et

380 597 555 661 statuerem

223 698 324 764 Forte
354 699 517 786 aliquanto
544 723 639 786 quam
667 701 778 768 solitus
804 699 909 767 lembo
939 702 1010 765 siim
1040 724 1115 787 pro

382 827 511 892 gressus
531 807 666 893 longius.

70 907 188 986 Sinon,
215 911 266 975 eui
290 910 381 977 initio
407 929 522 999 parum
551 913 735 990 confiditur,
764 913 945 979 admonitus
966 935 1007 978 ne
1034 911 1116 977 falas

71 1012 236 1100 loquatur,
259 1017 447 1103 respondet:

7 1114 66 1182 rto
159 1120 222 1186 111.
254 1118 355 1186 Satin’
378 1122 416 1186 rit
437 1144 656 1206 quemcunque
680 1123 795 1189 tribuit
818 1124 950 1188 fortuna
970 1120 1111 1217 ordinem

226 1223 398 1310 Nunquam
408 1227 473 1291 ulla
482 1227 644 1292 humilitas
655 1229 816 1315 ingenium
831 1229 972 1293 infirmat
982 1227 1108 1294 bonum.

72 1327 165 1412 Quae
178 1329 275 1396 verba
289 1331 351 1396 huo
364 1333 448 1396 traxi
462 1334 647 1399 reeordatus
661 1333 723 1400 loci
735 1334 904 1421 Virgiliani
916 1333 988 1420 (Aa.
1001 1330 1111 1418 2.*19):

158 1475 246 1487 --·
267 1444 347 1513 Neo,
369 1450 396 1501 ri
415 1447 549 1501 miseram
564 1444 694 1527 sor-turm
716 1443 853 1504 Sinonem

230 1548 351 1612 Fium‘e,
382 1570 484 1605 vultum
509 1551 593 1606 en'am
616 1549 837 1628 mendacemque
858 1547 992 1630 improba
1004 1548 1115 1631 finget.

72 1646 158 1711 Dein
188 1647 321 1711 nuncius
336 1665 340 1670 ·
354 1645 469 1712 allatus
502 1648 544 1712 sit
577 1647 617 1714 de
643 1649 839 1715 Laocoontis
871 1646 959 1713 tristi
984 1649 1118 1713 interitu
1182 1662 1187 1669 '

71 1752 117 1838 (V
117 1753 179 1837 irg.
200 1751 259 1817 Ae.
286 1750 394 1818 1.201
421 1754 483 1836 sq.)
524 1752 630 1819 Poeta
650 1754 791 1839 tragicus
812 1752 950 1818 fortasse
970 1753 1119 1830 finxerat,

72 1858 163 1922 illum
186 1855 297 1922 Sinoni
318 1859 413 1921 antea
434 1857 649 1935 maledixisse,
677 1858 724 1922 ita
745 1862 783 1922 ut
809 1858 876 1923 eius
898 1861 1035 1925 mortem
1055 1856 1120 1924 Mi.
1234 1886 1240 1896 =

74 1984 188 2028 nervae
209 1983 346 2050 poenam
369 1982 437 2026 esse
457 1962 624 2049 perhibere
645 1963 758 2050 aliquis
779 1965 937 2051 potuerit:

8 2094 69 2161 147
134 2073 136 2079 ¹
160 2085 220 2154 IV.
250 2084 306 2150 vel
327 2085 380 2150 hie
402 2087 457 2168 qui
478 2108 551 2150 eum
573 2090 648 2150 ante
668 2082 821 2150 effrenata
841 2082 1039 2169 impudentia

230 2189 438 2256 Praesentem
458 2212 608 2276 praesens
630 2190 724 2253 dictis
745 2193 882 2252 mertare
903 2186 1031 2256 institit.

74 2295 158 2362 Post
179 2295 296 2361 Troiae
317 2294 587 2380 expugnationem
609 2293 793 2380 superbiens
822 2293 935 2378 uliquis
958 2290 1118 2360 Graecus:

9 2407 72 2476 148
162 2401 205 2471 V.
234 2399 303 2468 Nos
325 2401 477 2502 continuo
502 2398 625 2465 ferrum
646 2400 797 2489 eripimus
818 2396 958 2466 ‹imnibu’
981 2400 1120 2465 manicas

387 2505 544 2572 miximus.

162 2787 193 2842 ll.
217 2786 283 2841 Non.
302 2803 328 2855 p.
346 2789 406 2842 534.
423 2789 449 2842 3.
485 2787 593 2838 lembus
609 2787 735 2839 navicula
749 2786 835 2837 brevis
852 2786 1006 2854 precatoria.
1024 2783 1121 2834 Accius

78 2875 220 2944 Deinebo:
246 2894 285 2929 eo.
304 2894 330 2928 α.
349 2893 375 2930 n.
394 2885 503 2924 externa
522 2891 545 2928 r.
569 2891 595 2930 u.
617 2890 709 2940 praev.
727 2884 750 2922 et
769 2884 802 2926 st.
821 2872 913 2922 solitus
935 2872 952 2928 l.
967 2889 988 2926 s.
1004 2889 1031 2940 p.
1049 2870 1067 2927 1.
1090 2897 1119 2911 -

79 2968 163 3030 Quam
182 2980 239 3016 oum
251 2961 365 3030 Bergkio
384 2960 471 3014 addidi
490 2961 564 3012 metri
584 2968 609 3011 et
627 2975 717 3010 sensus
736 2975 820 3014 causa.
847 2954 964 3011 Ceterum
984 2957 1027 3010 atii
1046 2960 1121 3010 coni:

78 3069 128 3120 ego
151 3063 212 3104 unte
229 3051 339 3116 (autem)
366 3060 443 3101 noete
461 3050 586 3113 (noctem)
611 3045 733 3098 iresterna
760 3052 905 3110 (extreme,
922 3075 954 3086 —
972 3049 1053 3111 mom)
1071 3075 1087 3089 ·
1106 3077 1121 3089 -

77 3143 158 3193 rorico
175 3168 188 3184 ·
207 3168 236 3195 ·.

165 3243 209 3297 lll.
237 3245 314 3299 Prisc.
333 3244 366 3295 de
384 3251 458 3298 metr.
477 3242 533 3296 Ter.
550 3244 577 3296 2.
598 3242 639 3299 15.
676 3243 764 3290 Attius
781 3268 798 3282 ·
815 3238 920 3291 ·1dem
944 3241 974 3290 in
991 3237 1118 3292 Persidis:

79 3339 100 3389 S
129 3353 154 3391 u.
173 3350 247 3406 quem
265 3334 357 3402 cuique
374 3343 394 3385 ε.
403 3330 433 3400 f
453 3329 497 3384 a?
523 3331 613 3400 Nunq.
639 3353 721 3381 --.
743 3327 822 3379 Setia
845 3325 881 3378 ἰιι
912 3343 960 3394 pro
978 3343 1065 3380 noune
1083 3340 1123 3392 ap.

80 3423 163 3478 Plaut.
180 3421 255 3475 Mero.
275 3425 300 3474 2.
319 3423 345 3474 4.
366 3419 406 3474 13.
425 3417 477 3470 Mil.
495 3415 530 3484 gl.
548 3420 575 3471 ⁴.
592 3418 617 3471 3.
634 3418 681 3473 41.
1175 3493 1177 3496 ⁴

166 3529 210 3583 lv.
234 3524 300 3579 Non.
327 3542 354 3592 p.
381 3525 440 3580 139.
462 3523 489 3578 2.
526 3521 672 3584 Mereatur,
699 3532 840 3590 mergeret.
864 3522 959 3572 Accius
982 3546 998 3560 .
1015 3541 1031 3555 -
1052 3510 1127 3564 Idem

81 3617 213 3689 Dep'sobo:
238 3614 282 3666 vel
297 3611 353 3675 hie,
377 3611 425 3683 qui
448 3627 486 3660 me
504 3628 522 3660 a
546 3622 623 3680 purte
646 3636 730 3663 ·--.
757 3609 818 3681 (qm'
839 3610 868 3658 in
892 3624 923 3658 ea
946 3613 1023 3673 porte
1048 3599 1124 3664 edd.)

82 3706 196 3766 Imu'tit,
220 3702 334 3764 studuit3
360 3714 418 3751 curn
443 3697 536 3753 infinit.
562 3697 655 3768 (vulgo
673 3704 800 3766 sequente
823 3703 857 3747 ut
877 3692 920 3745 vel
936 3690 987 3753 na)
1010 3701 1052 3755 ap.
1070 3685 1126 3743 Cic.

83 3792 154 3847 Verr.
172 3795 198 3847 2.
216 3793 242 3846 3.
259 3792 302 3844 59.

170 3896 200 3950 V.
227 3896 298 3947 Prisc
327 3893 353 3947 d.
373 3909 396 3948 a.
412 3908 438 3962 g.
456 3895 482 3948 9.
500 3893 524 3948 6.
543 3895 586 3948 33.
623 3893 698 3945 Nexo
717 3904 821 3962 quoque
839 3899 919 3936 nexas
936 3880 1079 3943 velocem,
1096 3891 1126 3930 ut

83 3985 173 4038 Probo
190 3984 290 4054 placer,
308 3984 390 4034 nexui
406 4008 421 4022 -
441 4011 455 4024 -
474 3982 562 4034 Attius
579 3981 607 4033 in
632 3974 781 4048 Deiphobo:
801 3998 869 4012 ·--
886 3967 958 4024 Idem
976 3968 1008 4028 fr.
1030 3966 1127 4022 ibidem
