2520 4500
110 236 301 393 &Hordiis
322 321 451 410 fugatis,
473 319 616 386 Hectore
637 322 751 386 neeeto
772 319 855 385 redit
869 317 1009 384 Achilles
1028 339 1102 384 eum
1116 318 1184 384 eius

144 451 286 519 empore.
333 426 533 494 Glorientem
554 425 717 490 audimus:

74 534 126 603 46.
228 534 307 603 XV.
340 515 418 623 (En)
440 531 680 600 Scamandriam
707 528 826 595 indam
854 529 937 596 selso
966 529 1109 596 sinotum
1131 527 1184 594 ob

453 637 543 702 texui
563 637 716 723 stingulne

298 742 418 830 'Atqm
460 763 589 807 enervos
604 748 607 758 “
622 740 690 807 tlte
718 740 752 804 in
782 741 868 805 emni
900 738 1033 827 ndrpore
1061 738 1185 826 explevi

455 845 588 913 hdstieo.

145 955 199 1021 Ad
219 956 337 1021 inimici
356 974 472 1038 eorpus
501 973 613 1018 eruore
634 954 668 1016 et
695 950 825 1037 pulvere
853 951 1053 1037 inquinatum
1074 969 1184 1016 versus

144 1060 344 1151 acerbissime
365 1057 530 1123 cavilletur
552 1060 732 1123 mortuum:
790 1056 792 1060 ⁴

75 1164 129 1232 47.
229 1164 327 1232 XVI.
360 1161 428 1228 Ubi
449 1162 532 1227 ndns
553 1161 703 1228 terrieuls
722 1159 780 1226 trin
800 1162 895 1237 sunt?
924 1201 968 1212 -

142 1271 232 1338 Illius
255 1269 309 1353 qui
327 1267 378 1353 (Il
402 1267 433 1334 7.
456 1265 498 1334 67
521 1268 583 1353 sq.)

74 1370 127 1440 48.
229 1372 343 1440 xvii.
375 1371 539 1438 Primdres
560 1393 729 1459 proeerum
749 1369 929 1448 remoavit,
958 1393 1036 1436 num
1057 1370 1122 1438 ndu
1141 1370 1187 1437 ibi

349 1476 449 1542 Esset
471 1477 558 1561 quis,
588 1476 643 1561 qui
671 1477 767 1540 armis
794 1475 902 1542 seeum
931 1475 1025 1542 vellet
1046 1475 1185 1545 eernere.

108 1606 111 1613 ¹
143 1581 193 1646 Ne
214 1581 291 1667 quid
317 1582 609 1668 praetermittatur,
639 1579 746 1645 looum
776 1581 1053 1666 corruptissimum
1081 1586 1114 1655 et
1142 1581 1187 1646 in-

144 1685 314 1752 sanabilem
338 1686 578 1773 subiungimus:

74 1786 127 1854 49.
239 1792 369 1859 XVIII.
399 1792 467 1857 Eos
495 1789 638 1855 mortalis
666 1788 768 1855 foenis
794 1788 839 1854 lib
860 1789 907 1856 X.
930 1789 1064 1854 miseror
1093 1810 1202 1893 saepe=

458 1897 596 1962 studitos
617 1895 700 1962 volo.

229 2158 283 2216 XV,
312 2157 379 2217 Non.
396 2176 422 2227 p.
441 2162 500 2215 192.
518 2162 543 2216 2.
574 2162 680 2210 Amnem
698 2159 843 2211 masculino
859 2175 954 2228 genere
971 2159 1139 2229 appellemur.
1152 2186 1188 2202 ··

145 2245 281 2297 Femrirr‘no
307 2248 417 2300 Plautus
441 2246 539 2310 (llere.
565 2250 590 2303 5.
615 2251 641 2302 2.
671 2249 725 2312 18.)
753 2276 768 2289 ·
798 2276 813 2288 -
836 2247 932 2313 Acer'tte
954 2246 1189 2316 Epriraueimeelre':

144 2331 312 2384 umandriem
329 2334 392 2390 und.
409 2353 430 2393 e,
448 2354 469 2392 s.
488 2335 595 2387 obterar
611 2352 632 2391 e.
645 2339 676 2390 A.
695 2333 804 2386 acerbos
821 2351 846 2389 a.
862 2335 880 2390 i.
899 2335 973 2384 omni
989 2349 1013 2389 e.
1030 2352 1051 2390 e.
1069 2332 1095 2390 t.
1114 2335 1187 2398 (eum

146 2417 277 2469 Andriam
302 2436 344 2487 mg
361 2420 381 2476 l.
400 2448 433 2459 -
451 2422 558 2474 obtexui
573 2420 605 2478 ii.
632 2449 664 2460 -
686 2438 796 2472 acervos
825 2436 871 2476 ms.
904 2418 981 2472 iibri
1004 2448 1036 2458 -
1061 2421 1089 2472 in
1116 2423 1190 2473 amni

147 2502 221 2567 edd.)
255 2504 307 2556 Alit
324 2509 489 2559 coniecerunt
506 2508 600 2564 obtexi.
624 2508 675 2559 Sed
693 2507 804 2560 similem
822 2507 1014 2577 quodammodo
1032 2507 1119 2559 locum
1137 2507 1187 2560 he-

146 2589 192 2642 bet
213 2590 347 2660 Virgilius:
375 2591 534 2662 Goelumque
552 2593 724 2646 obtexitur
741 2595 840 2652 umbre.
876 2596 923 2652 Ae.
944 2599 985 2651 11.
1004 2598 1063 2652 610.

232 2695 296 2752 xvi.
318 2695 384 2750 Non.
404 2715 429 2766 p.
455 2702 516 2754 227.
540 2698 583 2754 30.
621 2699 772 2752 Terrieulee
798 2701 902 2768 generis
922 2698 1058 2770 feminini.
1093 2703 1192 2753 Neutrr'

146 2785 240 2835 Aeer’rtr
257 2785 474 2854 Epinaner'moee:
499 2803 524 2843 u,
541 2805 567 2843 n,
586 2798 650 2842 terr.
669 2797 698 2837 tn
714 2786 799 2838 runt?
826 2788 967 2851 (terricula
987 2789 1040 2840 cita
1058 2787 1189 2854 tumlti.)

148 2887 274 2941 Poseidon
289 2873 333 2952 ill.
354 2891 394 2946 13.
412 2893 476 2956 219)
493 2891 526 2943 ed
544 2889 722 2943 idomeneum:
741 2878 805 2939 ποῦ
827 2897 875 2936 τοι
898 2871 1019 2938 ἀπειλαὶ
1041 2874 1188 2955 eligerent.

233 2993 307 3050 XVll.
333 2993 399 3052 Non.
417 3010 442 3061 p.
460 2998 520 3052 261.
541 2998 581 3052 16.
620 2998 730 3050 Cernere
753 2993 889 3063 signifieat
908 2995 998 3048 videre
1015 3023 1028 3037 ·
1045 3023 1057 3037 ·
1078 2999 1189 3050 Cernere

150 3093 254 3128 rursum
275 3079 400 3132 dimicare
419 3081 463 3133 vel
485 3081 647 3138 comendere.
684 3082 778 3132 Ateius
800 3082 1036 3153 Epinemimaelrer
1058 3085 1190 3152 primores

146 3175 299 3234 procertunr
308 3171 440 3238 revocarit
452 3170 568 3233 nemrim,
583 3171 637 3221 nisi
644 3169 719 3220 Esset
732 3170 839 3242 quisque
848 3187 873 3226 α,
884 3188 906 3226 s.
917 3187 944 3224 v.
955 3185 977 3224 e.
988 3181 1146 3220 revocarent
1155 3168 1189 3225 ll.

234 3266 317 3326 xvllt.
341 3268 555 3339 tonuisset.
575 3274 744 3326 Aeemativnr
753 3291 805 3343 pro
814 3274 970 3344 genitivo„
979 3275 1107 3325 Accius„
1116 3273 1188 3326 Idem

145 3356 364 3426 Epimmrinaee:
383 3386 449 3398 --
467 3361 546 3423 (libro
569 3360 668 3413 decimo
685 3352 716 3418 A‘.
736 3388 769 3400 -
787 3363 997 3417 misereor1526
1017 3360 1050 3427 l.)
1074 3359 1188 3413 Coniec-

146 3450 216 3495 tnrns
234 3444 338 3513 quidem
363 3445 478 3499 iecerunt
494 3449 541 3500 viri
561 3449 645 3513 docti,
672 3449 717 3501 sed
740 3448 989 3502 verisimilitudinem
1007 3464 1040 3499 ne
1058 3448 1187 3499 minimum

147 3531 250 3598 quidem
273 3542 334 3586 sunt
352 3533 471 3591 assecuti.
506 3536 600 3589 locum
626 3537 787 3590 divinatione
813 3537 899 3588 reneri
929 3551 982 3587 non
1010 3549 1088 3602 posse
1113 3533 1188 3586 nobis

148 3631 295 3682 pennarum
314 3621 445 3682 hebemus.
480 3621 551 3677 ldem
576 3624 672 3677 iudicet
688 3623 864 3687 dermannus,
890 3622 1062 3691 fragmentum
1080 3620 1186 3675 mutile-

150 3709 204 3758 tum
221 3722 278 3761 esre
296 3725 411 3768 oensens.
