<?xml version="1.0" encoding="UTF-8"?>
<!DOCTYPE html PUBLIC "-//W3C//DTD XHTML 1.0 Transitional//EN"
    "http://www.w3.org/TR/xhtml1/DTD/xhtml1-transitional.dtd">
<html xmlns="http://www.w3.org/1999/xhtml" xml:lang="en" lang="en">
 <head>
  <title>
</title>
<meta http-equiv="Content-Type" content="text/html;charset=utf-8" />
  <meta name='ocr-system' content='tesseract 3.04.00' />
  <meta name='ocr-capabilities' content='ocr_page ocr_carea ocr_par ocr_line ocrx_word'/>
</head>
<body>
  <div class='ocr_page' id='page_1' title='image "./lattiifragmenta00cramgoog_0020.png"; bbox 0 0 2520 4500; ppageno 0'>
   <div class='ocr_carea' id='block_1_1' title="bbox 1141 166 1163 232">
    <p class='ocr_par' dir='ltr' id='par_1_1' title="bbox 1141 166 1163 232">
     <span class='ocr_line' id='line_1_1' title="bbox 1141 166 1163 232; baseline 0 0"><span class='ocrx_word' id='word_1_1' title='bbox 1141 166 1163 232; x_wconf 89' lang='grc'><strong>7</strong></span> 
     </span>
    </p>
   </div>
   <div class='ocr_carea' id='block_1_2' title="bbox 75 318 1202 3024">
    <p class='ocr_par' dir='ltr' id='par_1_2' title="bbox 118 318 1202 1775">
     <span class='ocr_line' id='line_1_2' title="bbox 118 318 1163 412; baseline -0.003 -20"><span class='ocrx_word' id='word_1_2' title='bbox 118 328 171 392; x_wconf 89' lang='lat' dir='ltr'>De</span> <span class='ocrx_word' id='word_1_3' title='bbox 199 325 257 390; x_wconf 85' lang='lat' dir='ltr'>hac</span> <span class='ocrx_word' id='word_1_4' title='bbox 284 346 320 389; x_wconf 88' lang='lat' dir='ltr'>re</span> <span class='ocrx_word' id='word_1_5' title='bbox 349 323 428 388; x_wconf 90' lang='lat' dir='ltr'>bene</span> <span class='ocrx_word' id='word_1_6' title='bbox 455 323 633 410; x_wconf 80' lang='lat' dir='ltr'>disputavit</span> <span class='ocrx_word' id='word_1_7' title='bbox 661 320 895 410; x_wconf 82' lang='lat' dir='ltr'>Wagnerus</span> <span class='ocrx_word' id='word_1_8' title='bbox 929 318 971 388; x_wconf 78' lang='lat' dir='ltr'>sd</span> <span class='ocrx_word' id='word_1_9' title='bbox 997 322 1163 412; x_wconf 74' lang='lat' dir='ltr'>Euripidis</span> 
     </span>
     <span class='ocr_line' id='line_1_3' title="bbox 119 426 1163 518; baseline 0 -22"><span class='ocrx_word' id='word_1_10' title='bbox 119 433 298 518; x_wconf 78' lang='lat' dir='ltr'>fragmenta</span> <span class='ocrx_word' id='word_1_11' title='bbox 318 428 461 513; x_wconf 90' lang='lat' dir='ltr'>(Parisiis</span> <span class='ocrx_word' id='word_1_12' title='bbox 484 427 571 514; x_wconf 92' lang='lat' dir='ltr'>apud</span> <span class='ocrx_word' id='word_1_13' title='bbox 583 427 689 495; x_wconf 91' lang='lat' dir='ltr'>Didot</span> <span class='ocrx_word' id='word_1_14' title='bbox 718 426 833 493; x_wconf 69' lang='lat' dir='ltr'>fratres</span> <span class='ocrx_word' id='word_1_15' title='bbox 853 450 887 515; x_wconf 92' lang='lat' dir='ltr'>p.</span> <span class='ocrx_word' id='word_1_16' title='bbox 903 427 969 497; x_wconf 87' lang='grc'>788</span> <span class='ocrx_word' id='word_1_17' title='bbox 989 430 1052 515; x_wconf 87' lang='lat' dir='ltr'>sq.)</span> <span class='ocrx_word' id='word_1_18' title='bbox 1073 430 1163 496; x_wconf 85' lang='lat' dir='ltr'>cuius</span> 
     </span>
     <span class='ocr_line' id='line_1_4' title="bbox 119 526 1202 622; baseline -0.004 -19"><span class='ocrx_word' id='word_1_19' title='bbox 119 537 278 611; x_wconf 88' lang='lat' dir='ltr'>nonnulla,</span> <span class='ocrx_word' id='word_1_20' title='bbox 302 557 400 620; x_wconf 90' lang='lat' dir='ltr'>quum</span> <span class='ocrx_word' id='word_1_21' title='bbox 416 526 537 620; x_wconf 92' lang='lat' dir='ltr'>optime</span> <span class='ocrx_word' id='word_1_22' title='bbox 550 533 647 599; x_wconf 80' lang='lat' dir='ltr'>etiam</span> <span class='ocrx_word' id='word_1_23' title='bbox 662 533 747 598; x_wconf 90' lang='lat' dir='ltr'>Attii</span> <span class='ocrx_word' id='word_1_24' title='bbox 761 533 950 622; x_wconf 68' lang='lat' dir='ltr'>fiagmmtis</span> <span class='ocrx_word' id='word_1_25' title='bbox 965 535 1162 612; x_wconf 84' lang='lat' dir='ltr'>conveniunt,</span> <span class='ocrx_word' id='word_1_26' title='bbox 1199 566 1202 573; x_wconf 95' lang='lat'>·</span> 
     </span>
     <span class='ocr_line' id='line_1_5' title="bbox 119 628 1163 726; baseline -0.007 -18"><span class='ocrx_word' id='word_1_27' title='bbox 119 640 346 708; x_wconf 80' lang='lat' dir='ltr'>adscribimus:</span> <span class='ocrx_word' id='word_1_28' title='bbox 391 639 477 718; x_wconf 89' lang='lat' dir='ltr'>„Per</span> <span class='ocrx_word' id='word_1_29' title='bbox 498 628 707 716; x_wconf 64' lang='lat' dir='ltr'>machinam,</span> <span class='ocrx_word' id='word_1_30' title='bbox 732 639 788 716; x_wconf 86' lang='lat' dir='ltr'>ait,</span> <span class='ocrx_word' id='word_1_31' title='bbox 813 662 917 726; x_wconf 91' lang='lat' dir='ltr'>„quae</span> <span class='ocrx_word' id='word_1_32' title='bbox 946 637 1104 722; x_wconf 77' lang='grc' dir='ltr'><strong><em>ἐκκῦκλη</em></strong></span> <span class='ocrx_word' id='word_1_33' title='bbox 1111 665 1163 720; x_wconf 83' lang='grc' dir='ltr'>μα</span> 
     </span>
     <span class='ocr_line' id='line_1_6' title="bbox 118 743 1164 835; baseline -0.004 -23"><span class='ocrx_word' id='word_1_34' title='bbox 118 745 354 835; x_wconf 81' lang='lat' dir='ltr'><strong>appellabatur,</strong></span> <span class='ocrx_word' id='word_1_35' title='bbox 392 744 528 808; x_wconf 87' lang='lat' dir='ltr'>interior-</span> <span class='ocrx_word' id='word_1_36' title='bbox 545 743 795 832; x_wconf 87' lang='lat' dir='ltr'>Agamemnonis</span> <span class='ocrx_word' id='word_1_37' title='bbox 830 746 958 810; x_wconf 80' lang='lat' dir='ltr'>sedium</span> <span class='ocrx_word' id='word_1_38' title='bbox 986 767 1062 831; x_wconf 87' lang='lat' dir='ltr'>pars</span> <span class='ocrx_word' id='word_1_39' title='bbox 1095 766 1164 832; x_wconf 86' lang='lat' dir='ltr'>spe-</span> 
     </span>
     <span class='ocr_line' id='line_1_7' title="bbox 120 848 1165 938; baseline -0.002 -21"><span class='ocrx_word' id='word_1_40' title='bbox 120 853 236 918; x_wconf 89' lang='lat' dir='ltr'>ctanda</span> <span class='ocrx_word' id='word_1_41' title='bbox 262 848 512 938; x_wconf 89' lang='lat' dir='ltr'>proponebatur.</span> <span class='ocrx_word' id='word_1_42' title='bbox 542 890 587 902; x_wconf 92' lang='lat'>-</span> <span class='ocrx_word' id='word_1_43' title='bbox 608 891 652 901; x_wconf 95' lang='lat'>—</span> <span class='ocrx_word' id='word_1_44' title='bbox 675 848 758 917; x_wconf 85' lang='lat' dir='ltr'>Mox</span> <span class='ocrx_word' id='word_1_45' title='bbox 780 853 888 917; x_wconf 92' lang='lat' dir='ltr'>autem</span> <span class='ocrx_word' id='word_1_46' title='bbox 909 850 1111 937; x_wconf 76' lang='lat' dir='ltr'>Agamemno</span> <span class='ocrx_word' id='word_1_47' title='bbox 1131 852 1165 915; x_wconf 91' lang='lat' dir='ltr'>et</span> 
     </span>
     <span class='ocr_line' id='line_1_8' title="bbox 120 953 1165 1042; baseline -0.006 -17"><span class='ocrx_word' id='word_1_48' title='bbox 120 957 284 1025; x_wconf 77' lang='lat' dir='ltr'>Menelaus</span> <span class='ocrx_word' id='word_1_49' title='bbox 313 954 390 1019; x_wconf 93' lang='lat' dir='ltr'>ludo</span> <span class='ocrx_word' id='word_1_50' title='bbox 418 953 550 1021; x_wconf 90' lang='lat' dir='ltr'>dimisso</span> <span class='ocrx_word' id='word_1_51' title='bbox 577 957 611 1019; x_wconf 92' lang='lat' dir='ltr'>in</span> <span class='ocrx_word' id='word_1_52' title='bbox 625 991 626 994; x_wconf 16' lang='grc' dir='ltr'><strong>κ</strong></span> <span class='ocrx_word' id='word_1_53' title='bbox 640 977 766 1021; x_wconf 80' lang='lat' dir='ltr'><strong>scenam</strong></span> <span class='ocrx_word' id='word_1_54' title='bbox 794 956 988 1042; x_wconf 83' lang='lat' dir='ltr'>processisse</span> <span class='ocrx_word' id='word_1_55' title='bbox 1017 954 1165 1020; x_wconf 89' lang='lat' dir='ltr'>videntur</span> 
     </span>
     <span class='ocr_line' id='line_1_9' title="bbox 120 1058 1165 1147; baseline -0.003 -19"><span class='ocrx_word' id='word_1_56' title='bbox 120 1064 201 1128; x_wconf 92' lang='lat' dir='ltr'>inter</span> <span class='ocrx_word' id='word_1_57' title='bbox 224 1085 258 1126; x_wconf 92' lang='lat' dir='ltr'>se</span> <span class='ocrx_word' id='word_1_58' title='bbox 279 1061 450 1144; x_wconf 81' lang='lat' dir='ltr'>litigantes,</span> <span class='ocrx_word' id='word_1_59' title='bbox 472 1064 511 1124; x_wconf 92' lang='lat' dir='ltr'>ut</span> <span class='ocrx_word' id='word_1_60' title='bbox 533 1062 652 1147; x_wconf 88' lang='lat' dir='ltr'>apertis</span> <span class='ocrx_word' id='word_1_61' title='bbox 666 1060 771 1127; x_wconf 87' lang='lat' dir='ltr'>verbis</span> <span class='ocrx_word' id='word_1_62' title='bbox 792 1064 933 1128; x_wconf 88' lang='lat' dir='ltr'>testatur</span> <span class='ocrx_word' id='word_1_63' title='bbox 947 1058 1064 1147; x_wconf 81' lang='lat' dir='ltr'>Dictys</span> <span class='ocrx_word' id='word_1_64' title='bbox 1086 1058 1117 1128; x_wconf 79' lang='grc'>2.</span> <span class='ocrx_word' id='word_1_65' title='bbox 1133 1060 1165 1126; x_wconf 82' lang='grc'>7.</span> 
     </span>
     <span class='ocr_line' id='line_1_10' title="bbox 118 1154 1166 1251; baseline -0.004 -16"><span class='ocrx_word' id='word_1_66' title='bbox 118 1167 285 1235; x_wconf 80' lang='lat' dir='ltr'>Menelaus</span> <span class='ocrx_word' id='word_1_67' title='bbox 307 1165 390 1228; x_wconf 92' lang='lat' dir='ltr'>enim</span> <span class='ocrx_word' id='word_1_68' title='bbox 411 1164 530 1229; x_wconf 92' lang='lat' dir='ltr'>bellum</span> <span class='ocrx_word' id='word_1_69' title='bbox 555 1165 660 1251; x_wconf 89' lang='lat' dir='ltr'>primo</span> <span class='ocrx_word' id='word_1_70' title='bbox 682 1154 809 1251; x_wconf 86' lang='lat' dir='ltr'>quoque</span> <span class='ocrx_word' id='word_1_71' title='bbox 838 1167 891 1231; x_wconf 92' lang='lat' dir='ltr'>die</span> <span class='ocrx_word' id='word_1_72' title='bbox 913 1166 1092 1230; x_wconf 88' lang='lat' dir='ltr'>continuari</span> <span class='ocrx_word' id='word_1_73' title='bbox 1113 1186 1166 1231; x_wconf 81' lang='lat' dir='ltr'>vo</span> 
     </span>
     <span class='ocr_line' id='line_1_11' title="bbox 119 1268 1177 1359; baseline -0.001 -22"><span class='ocrx_word' id='word_1_74' title='bbox 119 1273 220 1347; x_wconf 83' lang='lat' dir='ltr'>lebat,</span> <span class='ocrx_word' id='word_1_75' title='bbox 241 1291 279 1332; x_wconf 88' lang='lat' dir='ltr'>ac</span> <span class='ocrx_word' id='word_1_76' title='bbox 299 1291 363 1333; x_wconf 91' lang='lat' dir='ltr'>uon</span> <span class='ocrx_word' id='word_1_77' title='bbox 385 1271 482 1334; x_wconf 89' lang='lat' dir='ltr'>modo</span> <span class='ocrx_word' id='word_1_78' title='bbox 503 1269 753 1355; x_wconf 77' lang='lat' dir='ltr'>Agamemnonis</span> <span class='ocrx_word' id='word_1_79' title='bbox 776 1272 937 1358; x_wconf 83' lang='lat' dir='ltr'>ignaviam</span> <span class='ocrx_word' id='word_1_80' title='bbox 958 1268 1177 1359; x_wconf 66' lang='lat' dir='ltr'>reprehendet·</span> 
     </span>
     <span class='ocr_line' id='line_1_12' title="bbox 120 1373 1164 1463; baseline -0.005 -20"><span class='ocrx_word' id='word_1_81' title='bbox 120 1378 186 1452; x_wconf 88' lang='lat' dir='ltr'>bat,</span> <span class='ocrx_word' id='word_1_82' title='bbox 217 1373 274 1438; x_wconf 86' lang='lat' dir='ltr'>sed</span> <span class='ocrx_word' id='word_1_83' title='bbox 301 1374 498 1439; x_wconf 81' lang='lat' dir='ltr'>immolatam</span> <span class='ocrx_word' id='word_1_84' title='bbox 519 1375 719 1461; x_wconf 80' lang='lat' dir='ltr'>Iphigeniam</span> <span class='ocrx_word' id='word_1_85' title='bbox 741 1396 868 1462; x_wconf 89' lang='lat' dir='ltr'>quoque</span> <span class='ocrx_word' id='word_1_86' title='bbox 889 1377 918 1440; x_wconf 93' lang='lat' dir='ltr'>ei</span> <span class='ocrx_word' id='word_1_87' title='bbox 940 1373 1164 1463; x_wconf 82' lang='lat' dir='ltr'>exprobrabat.</span> 
     </span>
     <span class='ocr_line' id='line_1_13' title="bbox 123 1476 1165 1564; baseline 0.004 -24"><span class='ocrx_word' id='word_1_88' title='bbox 123 1476 340 1560; x_wconf 69' lang='lat' dir='ltr'>Quamobrem</span> <span class='ocrx_word' id='word_1_89' title='bbox 369 1476 570 1564; x_wconf 86' lang='lat' dir='ltr'>Agamemno</span> <span class='ocrx_word' id='word_1_90' title='bbox 591 1478 793 1544; x_wconf 87' lang='lat' dir='ltr'>vehementer</span> <span class='ocrx_word' id='word_1_91' title='bbox 820 1482 854 1545; x_wconf 93' lang='lat' dir='ltr'>in</span> <span class='ocrx_word' id='word_1_92' title='bbox 881 1480 1014 1546; x_wconf 84' lang='lat' dir='ltr'>fratrem</span> <span class='ocrx_word' id='word_1_93' title='bbox 1042 1480 1165 1545; x_wconf 78' lang='lat' dir='ltr'>invehe-</span> 
     </span>
     <span class='ocr_line' id='line_1_14' title="bbox 123 1579 1165 1669; baseline 0 -21"><span class='ocrx_word' id='word_1_94' title='bbox 123 1585 248 1650; x_wconf 89' lang='lat' dir='ltr'>batur.“</span> <span class='ocrx_word' id='word_1_95' title='bbox 293 1579 394 1648; x_wconf 86' lang='lat' dir='ltr'>Chori</span> <span class='ocrx_word' id='word_1_96' title='bbox 422 1584 522 1668; x_wconf 90' lang='lat' dir='ltr'>igitur</span> <span class='ocrx_word' id='word_1_97' title='bbox 551 1586 668 1669; x_wconf 88' lang='lat' dir='ltr'>rogatu</span> <span class='ocrx_word' id='word_1_98' title='bbox 698 1585 914 1669; x_wconf 82' lang='lat' dir='ltr'>arcessituque</span> <span class='ocrx_word' id='word_1_99' title='bbox 936 1586 1066 1652; x_wconf 89' lang='lat' dir='ltr'>adducti</span> <span class='ocrx_word' id='word_1_100' title='bbox 1095 1607 1165 1650; x_wconf 93' lang='lat' dir='ltr'>con-</span> 
     </span>
     <span class='ocr_line' id='line_1_15' title="bbox 123 1687 1103 1775; baseline -0.002 -22"><span class='ocrx_word' id='word_1_101' title='bbox 123 1689 225 1753; x_wconf 84' lang='lat' dir='ltr'>silium</span> <span class='ocrx_word' id='word_1_102' title='bbox 245 1689 356 1752; x_wconf 90' lang='lat' dir='ltr'>inennt</span> <span class='ocrx_word' id='word_1_103' title='bbox 379 1688 485 1755; x_wconf 87' lang='lat' dir='ltr'>duces.</span> <span class='ocrx_word' id='word_1_104' title='bbox 529 1687 779 1774; x_wconf 85' lang='lat' dir='ltr'>Agamemnonis</span> <span class='ocrx_word' id='word_1_105' title='bbox 799 1687 897 1754; x_wconf 90' lang='lat' dir='ltr'>verba</span> <span class='ocrx_word' id='word_1_106' title='bbox 918 1710 986 1753; x_wconf 86' lang='lat' dir='ltr'>esse</span> <span class='ocrx_word' id='word_1_107' title='bbox 1006 1693 1103 1775; x_wconf 80' lang='lat' dir='ltr'>puto:</span> 
     </span>
    </p>

    <p class='ocr_par' dir='ltr' id='par_1_3' title="bbox 76 1790 1113 1925">
     <span class='ocr_line' id='line_1_16' title="bbox 76 1790 1113 1925; baseline 0.009 -71"><span class='ocrx_word' id='word_1_108' title='bbox 76 1790 106 1854; x_wconf 80' lang='lat'>5.</span> <span class='ocrx_word' id='word_1_109' title='bbox 133 1812 177 1925; x_wconf 54' lang='lat' dir='ltr'><strong>f</strong></span> <span class='ocrx_word' id='word_1_110' title='bbox 204 1794 249 1861; x_wconf 88' lang='lat' dir='ltr'>V.</span> <span class='ocrx_word' id='word_1_111' title='bbox 281 1791 446 1872; x_wconf 78' lang='lat' dir='ltr'>Quantam</span> <span class='ocrx_word' id='word_1_112' title='bbox 468 1793 640 1879; x_wconf 84' lang='lat' dir='ltr'>Tyndareo</span> <span class='ocrx_word' id='word_1_113' title='bbox 662 1794 762 1880; x_wconf 79' lang='lat' dir='ltr'>gutta</span> <span class='ocrx_word' id='word_1_114' title='bbox 783 1797 817 1858; x_wconf 90' lang='lat' dir='ltr'>et</span> <span class='ocrx_word' id='word_1_115' title='bbox 835 1793 976 1858; x_wconf 87' lang='lat' dir='ltr'>Menelai</span> <span class='ocrx_word' id='word_1_116' title='bbox 998 1793 1113 1863; x_wconf 63' lang='lat' dir='ltr'>dom</span> 
     </span>
    </p>

    <p class='ocr_par' dir='ltr' id='par_1_4' title="bbox 144 1897 991 1985">
     <span class='ocr_line' id='line_1_17' title="bbox 144 1897 991 1985; baseline 0.001 -21"><span class='ocrx_word' id='word_1_117' title='bbox 144 1914 147 1923; x_wconf 91' lang='lat'>&#39;</span> <span class='ocrx_word' id='word_1_118' title='bbox 286 1897 409 1964; x_wconf 89' lang='lat' dir='ltr'>Molem</span> <span class='ocrx_word' id='word_1_119' title='bbox 430 1897 579 1962; x_wconf 77' lang='lat' dir='ltr'>excitarit</span> <span class='ocrx_word' id='word_1_120' title='bbox 600 1897 674 1962; x_wconf 77' lang='lat' dir='ltr'>belli</span> <span class='ocrx_word' id='word_1_121' title='bbox 695 1902 871 1984; x_wconf 88' lang='lat' dir='ltr'>pastorque</span> <span class='ocrx_word' id='word_1_122' title='bbox 891 1897 991 1985; x_wconf 79' lang='lat' dir='ltr'>‘llius</span> 
     </span>
    </p>

    <p class='ocr_par' dir='ltr' id='par_1_5' title="bbox 122 2002 959 2088">
     <span class='ocr_line' id='line_1_18' title="bbox 122 2002 959 2088; baseline 0 -21"><span class='ocrx_word' id='word_1_123' title='bbox 122 2002 172 2068; x_wconf 90' lang='lat' dir='ltr'>De</span> <span class='ocrx_word' id='word_1_124' title='bbox 193 2002 318 2068; x_wconf 86' lang='lat' dir='ltr'>Helena</span> <span class='ocrx_word' id='word_1_125' title='bbox 338 2003 423 2066; x_wconf 91' lang='lat' dir='ltr'>idem</span> <span class='ocrx_word' id='word_1_126' title='bbox 445 2002 596 2067; x_wconf 85' lang='lat' dir='ltr'>maledice</span> <span class='ocrx_word' id='word_1_127' title='bbox 617 2002 776 2086; x_wconf 87' lang='lat' dir='ltr'>loquitur,</span> <span class='ocrx_word' id='word_1_128' title='bbox 798 2025 882 2088; x_wconf 90' lang='lat' dir='ltr'>quae</span> <span class='ocrx_word' id='word_1_129' title='bbox 956 2018 959 2023; x_wconf 85' lang='lat'>&#39;</span> 
     </span>
    </p>

    <p class='ocr_par' dir='ltr' id='par_1_6' title="bbox 75 2104 1060 2300">
     <span class='ocr_line' id='line_1_19' title="bbox 75 2104 897 2175; baseline -0.006 -5"><span class='ocrx_word' id='word_1_130' title='bbox 75 2104 105 2170; x_wconf 88' lang='grc'>6.</span> <span class='ocrx_word' id='word_1_131' title='bbox 205 2108 266 2174; x_wconf 90' lang='lat' dir='ltr'>VI.</span> <span class='ocrx_word' id='word_1_132' title='bbox 288 2148 332 2158; x_wconf 94' lang='lat'>-</span> <span class='ocrx_word' id='word_1_133' title='bbox 353 2107 560 2174; x_wconf 72' lang='lat' dir='ltr'>Mulierum</span> <span class='ocrx_word' id='word_1_134' title='bbox 582 2106 683 2170; x_wconf 75' lang='lat' dir='ltr'>dulim</span> <span class='ocrx_word' id='word_1_135' title='bbox 705 2108 819 2175; x_wconf 84' lang='lat' dir='ltr'>virum.</span> <span class='ocrx_word' id='word_1_136' title='bbox 841 2147 897 2165; x_wconf 75' lang='grc'>-,</span> 
     </span>
     <span class='ocr_line' id='line_1_20' title="bbox 124 2209 1060 2300; baseline 0.002 -25"><span class='ocrx_word' id='word_1_137' title='bbox 124 2209 231 2290; x_wconf 79' lang='lat' dir='ltr'>Quare</span> <span class='ocrx_word' id='word_1_138' title='bbox 250 2211 384 2277; x_wconf 87' lang='lat' dir='ltr'>fratrem</span> <span class='ocrx_word' id='word_1_139' title='bbox 405 2211 597 2276; x_wconf 86' lang='lat' dir='ltr'>adhortatur</span> <span class='ocrx_word' id='word_1_140' title='bbox 619 2215 656 2276; x_wconf 92' lang='lat' dir='ltr'>ut</span> <span class='ocrx_word' id='word_1_141' title='bbox 678 2211 812 2278; x_wconf 87' lang='lat' dir='ltr'>desistat</span> <span class='ocrx_word' id='word_1_142' title='bbox 834 2236 853 2276; x_wconf 94' lang='lat' dir='ltr'>a</span> <span class='ocrx_word' id='word_1_143' title='bbox 875 2214 1060 2300; x_wconf 82' lang='lat' dir='ltr'>proposito:</span> 
     </span>
    </p>

    <p class='ocr_par' dir='ltr' id='par_1_7' title="bbox 75 2310 1167 2693">
     <span class='ocr_line' id='line_1_21' title="bbox 75 2310 864 2407; baseline -0.001 -23"><span class='ocrx_word' id='word_1_144' title='bbox 75 2310 107 2378; x_wconf 76' lang='lat'>7·</span> <span class='ocrx_word' id='word_1_145' title='bbox 206 2317 283 2383; x_wconf 84' lang='lat' dir='ltr'>Vll.</span> <span class='ocrx_word' id='word_1_146' title='bbox 315 2316 529 2403; x_wconf 71' lang='lat' dir='ltr'>studiumque</span> <span class='ocrx_word' id='word_1_147' title='bbox 550 2318 639 2382; x_wconf 87' lang='lat' dir='ltr'>iteris</span> <span class='ocrx_word' id='word_1_148' title='bbox 661 2314 800 2407; x_wconf 47' lang='lat' dir='ltr'>repffld</span> <span class='ocrx_word' id='word_1_149' title='bbox 821 2358 864 2369; x_wconf 94' lang='lat'>—</span> 
     </span>
     <span class='ocr_line' id='line_1_22' title="bbox 124 2408 1167 2508; baseline 0.01 -26"><span class='ocrx_word' id='word_1_150' title='bbox 124 2419 164 2482; x_wconf 90' lang='lat' dir='ltr'>ln</span> <span class='ocrx_word' id='word_1_151' title='bbox 193 2421 341 2505; x_wconf 85' lang='lat' dir='ltr'>colloquii</span> <span class='ocrx_word' id='word_1_152' title='bbox 372 2444 545 2507; x_wconf 89' lang='lat' dir='ltr'>progressu</span> <span class='ocrx_word' id='word_1_153' title='bbox 578 2408 789 2488; x_wconf 85' lang='lat' dir='ltr'>contumeliae</span> <span class='ocrx_word' id='word_1_154' title='bbox 824 2422 1051 2508; x_wconf 88' lang='lat' dir='ltr'>intorquentur</span> <span class='ocrx_word' id='word_1_155' title='bbox 1083 2425 1167 2492; x_wconf 75' lang='lat' dir='ltr'>inter</span> 
     </span>
     <span class='ocr_line' id='line_1_23' title="bbox 125 2521 1167 2610; baseline 0.008 -24"><span class='ocrx_word' id='word_1_156' title='bbox 125 2521 258 2598; x_wconf 82' lang='lat' dir='ltr'>fratres,</span> <span class='ocrx_word' id='word_1_157' title='bbox 290 2525 378 2588; x_wconf 90' lang='lat' dir='ltr'>cuius</span> <span class='ocrx_word' id='word_1_158' title='bbox 406 2526 495 2589; x_wconf 88' lang='lat' dir='ltr'>rixae</span> <span class='ocrx_word' id='word_1_159' title='bbox 521 2525 740 2610; x_wconf 82' lang='lat' dir='ltr'>fragmentum</span> <span class='ocrx_word' id='word_1_160' title='bbox 770 2527 926 2593; x_wconf 85' lang='lat' dir='ltr'>invenisse</span> <span class='ocrx_word' id='word_1_161' title='bbox 952 2528 1029 2592; x_wconf 92' lang='lat' dir='ltr'>mihi</span> <span class='ocrx_word' id='word_1_162' title='bbox 1057 2529 1167 2596; x_wconf 85' lang='lat' dir='ltr'>videor</span> 
     </span>
     <span class='ocr_line' id='line_1_24' title="bbox 123 2625 243 2693; baseline 0.008 -2"><span class='ocrx_word' id='word_1_163' title='bbox 123 2627 156 2692; x_wconf 92' lang='lat' dir='ltr'>in</span> <span class='ocrx_word' id='word_1_164' title='bbox 178 2625 243 2693; x_wconf 92' lang='lat' dir='ltr'>his·</span> 
     </span>
    </p>

    <p class='ocr_par' dir='ltr' id='par_1_8' title="bbox 75 2674 1167 2827">
     <span class='ocr_line' id='line_1_25' title="bbox 75 2674 1167 2827; baseline 0.009 -33"><span class='ocrx_word' id='word_1_165' title='bbox 75 2727 106 2794; x_wconf 88' lang='grc'>8.</span> <span class='ocrx_word' id='word_1_166' title='bbox 207 2674 302 2825; x_wconf 48' lang='grc' dir='ltr'>ᾖ</span> <span class='ocrx_word' id='word_1_167' title='bbox 335 2733 400 2820; x_wconf 88' lang='lat' dir='ltr'>Ag.</span> <span class='ocrx_word' id='word_1_168' title='bbox 424 2731 507 2812; x_wconf 79' lang='lat' dir='ltr'>Quis</span> <span class='ocrx_word' id='word_1_169' title='bbox 529 2733 626 2799; x_wconf 91' lang='lat' dir='ltr'>homo</span> <span class='ocrx_word' id='word_1_170' title='bbox 649 2738 682 2799; x_wconf 87' lang='lat' dir='ltr'>te</span> <span class='ocrx_word' id='word_1_171' title='bbox 703 2736 908 2827; x_wconf 64' lang='lat' dir='ltr'>expupertsit</span> <span class='ocrx_word' id='word_1_172' title='bbox 930 2761 1071 2826; x_wconf 89' lang='lat' dir='ltr'>unquam</span> <span class='ocrx_word' id='word_1_173' title='bbox 1093 2739 1167 2827; x_wconf 73' lang='lat' dir='ltr'>gdn-</span> 
     </span>
    </p>

    <p class='ocr_par' dir='ltr' id='par_1_9' title="bbox 333 2839 953 3024">
     <span class='ocr_line' id='line_1_26' title="bbox 432 2839 758 2926; baseline 0.012 -24"><span class='ocrx_word' id='word_1_174' title='bbox 432 2839 514 2903; x_wconf 92' lang='lat' dir='ltr'>tium</span> <span class='ocrx_word' id='word_1_175' title='bbox 535 2839 758 2926; x_wconf 70' lang='lat' dir='ltr'>impudentia?</span> 
     </span>
     <span class='ocr_line' id='line_1_27' title="bbox 333 2941 953 3024; baseline 0.003 -12"><span class='ocrx_word' id='word_1_176' title='bbox 333 2945 422 3012; x_wconf 90' lang='lat' dir='ltr'>Men.</span> <span class='ocrx_word' id='word_1_177' title='bbox 447 2941 530 3024; x_wconf 79' lang='lat' dir='ltr'>Quis</span> <span class='ocrx_word' id='word_1_178' title='bbox 552 2948 659 3010; x_wconf 88' lang='lat' dir='ltr'>autem</span> <span class='ocrx_word' id='word_1_179' title='bbox 681 2947 803 3012; x_wconf 88' lang='lat' dir='ltr'>malitia</span> <span class='ocrx_word' id='word_1_180' title='bbox 824 2949 880 3014; x_wconf 83' lang='lat' dir='ltr'>tei</span> <span class='ocrx_word' id='word_1_181' title='bbox 909 2970 953 3000; x_wconf 82' lang='lat'>·-</span> 
     </span>
    </p>
   </div>
   <div class='ocr_carea' id='block_1_3' title="bbox 109 3221 1178 4079">
    <p class='ocr_par' dir='ltr' id='par_1_10' title="bbox 122 3221 1167 3382">
     <span class='ocr_line' id='line_1_28' title="bbox 211 3221 1167 3303; baseline 0.01 -33"><span class='ocrx_word' id='word_1_182' title='bbox 211 3221 241 3278; x_wconf 81' lang='lat' dir='ltr'>V,</span> <span class='ocrx_word' id='word_1_183' title='bbox 268 3221 342 3276; x_wconf 83' lang='lat' dir='ltr'>Prisc.</span> <span class='ocrx_word' id='word_1_184' title='bbox 370 3225 389 3278; x_wconf 84' lang='lat' dir='ltr'>l.</span> <span class='ocrx_word' id='word_1_185' title='bbox 415 3242 439 3279; x_wconf 85' lang='lat' dir='ltr'>c.</span> <span class='ocrx_word' id='word_1_186' title='bbox 464 3229 489 3281; x_wconf 86' lang='lat'>2.</span> <span class='ocrx_word' id='word_1_187' title='bbox 519 3229 560 3282; x_wconf 82' lang='lat'>16.</span> <span class='ocrx_word' id='word_1_188' title='bbox 588 3229 678 3276; x_wconf 80' lang='lat' dir='ltr'>Attius</span> <span class='ocrx_word' id='word_1_189' title='bbox 702 3230 730 3278; x_wconf 81' lang='lat' dir='ltr'>in</span> <span class='ocrx_word' id='word_1_190' title='bbox 759 3229 885 3300; x_wconf 73' lang='lat' dir='ltr'>Telepho:</span> <span class='ocrx_word' id='word_1_191' title='bbox 911 3258 980 3269; x_wconf 90' lang='lat'>--</span> <span class='ocrx_word' id='word_1_192' title='bbox 1009 3232 1167 3303; x_wconf 70' lang='lat' dir='ltr'>(Tyndareo</span> 
     </span>
     <span class='ocr_line' id='line_1_29' title="bbox 122 3311 986 3382; baseline 0.003 -20"><span class='ocrx_word' id='word_1_193' title='bbox 122 3311 163 3365; x_wconf 84' lang='lat' dir='ltr'>cd.</span> <span class='ocrx_word' id='word_1_194' title='bbox 182 3311 243 3364; x_wconf 78' lang='lat' dir='ltr'>Asc.</span> <span class='ocrx_word' id='word_1_195' title='bbox 263 3335 296 3346; x_wconf 88' lang='lat'>-</span> <span class='ocrx_word' id='word_1_196' title='bbox 314 3311 455 3366; x_wconf 64' lang='lat' dir='ltr'>alienent.</span> <span class='ocrx_word' id='word_1_197' title='bbox 474 3312 556 3382; x_wconf 82' lang='lat' dir='ltr'>lugd,</span> <span class='ocrx_word' id='word_1_198' title='bbox 575 3313 633 3369; x_wconf 89' lang='lat' dir='ltr'>edd.</span> <span class='ocrx_word' id='word_1_199' title='bbox 651 3322 727 3378; x_wconf 74' lang='lat' dir='ltr'>vett.)</span> <span class='ocrx_word' id='word_1_200' title='bbox 985 3324 986 3327; x_wconf 77' lang='grc'>’</span> 
     </span>
    </p>

    <p class='ocr_par' dir='ltr' id='par_1_11' title="bbox 210 3395 1166 3470">
     <span class='ocr_line' id='line_1_30' title="bbox 210 3395 1166 3470; baseline 0.004 -21"><span class='ocrx_word' id='word_1_201' title='bbox 210 3395 253 3453; x_wconf 72' lang='grc' dir='ltr'>Ἦ,</span> <span class='ocrx_word' id='word_1_202' title='bbox 283 3396 561 3456; x_wconf 66' lang='lat' dir='ltr'>causatores.</span> <span class='ocrx_word' id='word_1_203' title='bbox 598 3401 759 3470; x_wconf 75' lang='lat' dir='ltr'>Tragoedias</span> <span class='ocrx_word' id='word_1_204' title='bbox 785 3420 879 3456; x_wconf 85' lang='lat' dir='ltr'>nornen</span> <span class='ocrx_word' id='word_1_205' title='bbox 900 3406 935 3455; x_wconf 89' lang='lat' dir='ltr'>ibi</span> <span class='ocrx_word' id='word_1_206' title='bbox 955 3421 1006 3455; x_wconf 91' lang='lat' dir='ltr'>non</span> <span class='ocrx_word' id='word_1_207' title='bbox 1031 3405 1166 3460; x_wconf 80' lang='lat' dir='ltr'>indicatur,</span> 
     </span>
    </p>

    <p class='ocr_par' dir='ltr' id='par_1_12' title="bbox 126 3483 1167 3729">
     <span class='ocr_line' id='line_1_31' title="bbox 208 3483 1167 3561; baseline 0 -21"><span class='ocrx_word' id='word_1_208' title='bbox 208 3483 262 3539; x_wconf 79' lang='lat' dir='ltr'>Vll.</span> <span class='ocrx_word' id='word_1_209' title='bbox 289 3483 356 3538; x_wconf 77' lang='lat' dir='ltr'><strong>Non·</strong></span> <span class='ocrx_word' id='word_1_210' title='bbox 374 3501 398 3552; x_wconf 85' lang='lat' dir='ltr'>p·</span> <span class='ocrx_word' id='word_1_211' title='bbox 423 3489 483 3542; x_wconf 78' lang='lat'><strong>⁴85.</strong></span> <span class='ocrx_word' id='word_1_212' title='bbox 508 3487 535 3544; x_wconf 84' lang='lat'>8.</span> <span class='ocrx_word' id='word_1_213' title='bbox 570 3492 648 3541; x_wconf 81' lang='lat' dir='ltr'>lteris</span> <span class='ocrx_word' id='word_1_214' title='bbox 672 3494 787 3558; x_wconf 74' lang='lat' dir='ltr'>positum</span> <span class='ocrx_word' id='word_1_215' title='bbox 809 3511 860 3561; x_wconf 83' lang='lat' dir='ltr'>pro</span> <span class='ocrx_word' id='word_1_216' title='bbox 888 3494 990 3541; x_wconf 79' lang='lat' dir='ltr'>in&#39;nerrs</span> <span class='ocrx_word' id='word_1_217' title='bbox 1015 3503 1040 3541; x_wconf 76' lang='lat' dir='ltr'>et</span> <span class='ocrx_word' id='word_1_218' title='bbox 1065 3490 1167 3561; x_wconf 79' lang='lat' dir='ltr'>quidem</span> 
     </span>
     <span class='ocr_line' id='line_1_32' title="bbox 126 3572 1166 3645; baseline 0.009 -26"><span class='ocrx_word' id='word_1_219' title='bbox 126 3585 192 3622; x_wconf 78' lang='lat' dir='ltr'>recte</span> <span class='ocrx_word' id='word_1_220' title='bbox 209 3572 242 3622; x_wconf 82' lang='lat' dir='ltr'>ab</span> <span class='ocrx_word' id='word_1_221' title='bbox 261 3590 291 3622; x_wconf 81' lang='lat' dir='ltr'>eo</span> <span class='ocrx_word' id='word_1_222' title='bbox 316 3572 390 3643; x_wconf 86' lang='lat' dir='ltr'>quod</span> <span class='ocrx_word' id='word_1_223' title='bbox 409 3575 462 3624; x_wconf 72' lang='lat' dir='ltr'>cler</span> <span class='ocrx_word' id='word_1_224' title='bbox 478 3575 552 3627; x_wconf 73' lang='lat' dir='ltr'>iteris</span> <span class='ocrx_word' id='word_1_225' title='bbox 566 3574 657 3645; x_wconf 81' lang='lat' dir='ltr'>facit,</span> <span class='ocrx_word' id='word_1_226' title='bbox 682 3578 761 3628; x_wconf 63' lang='lat' dir='ltr'>itiner</span> <span class='ocrx_word' id='word_1_227' title='bbox 785 3579 896 3633; x_wconf 74' lang='lat' dir='ltr'>itineris.</span> <span class='ocrx_word' id='word_1_228' title='bbox 922 3579 1017 3628; x_wconf 81' lang='lat' dir='ltr'>Accius</span> <span class='ocrx_word' id='word_1_229' title='bbox 1036 3605 1046 3618; x_wconf 89' lang='lat'>-</span> <span class='ocrx_word' id='word_1_230' title='bbox 1066 3577 1166 3628; x_wconf 80' lang='lat' dir='ltr'>-Idem</span> 
     </span>
     <span class='ocr_line' id='line_1_33' title="bbox 128 3657 501 3729; baseline 0.011 -21"><span class='ocrx_word' id='word_1_231' title='bbox 128 3657 229 3726; x_wconf 67' lang='lat' dir='ltr'>Tequo:</span> <span class='ocrx_word' id='word_1_232' title='bbox 248 3686 318 3697; x_wconf 93' lang='lat'>—-</span> <span class='ocrx_word' id='word_1_233' title='bbox 334 3659 428 3729; x_wconf 81' lang='lat' dir='ltr'>(teloso</span> <span class='ocrx_word' id='word_1_234' title='bbox 446 3661 501 3727; x_wconf 83' lang='lat' dir='ltr'>W.)</span> 
     </span>
    </p>

    <p class='ocr_par' dir='ltr' id='par_1_13' title="bbox 109 3745 1178 4079">
     <span class='ocr_line' id='line_1_34' title="bbox 209 3745 1178 3823; baseline 0.004 -28"><span class='ocrx_word' id='word_1_235' title='bbox 209 3745 271 3799; x_wconf 81' lang='lat' dir='ltr'>Vlll.</span> <span class='ocrx_word' id='word_1_236' title='bbox 297 3746 349 3802; x_wconf 80' lang='lat' dir='ltr'>Cic.</span> <span class='ocrx_word' id='word_1_237' title='bbox 368 3745 439 3805; x_wconf 75' lang='lat' dir='ltr'>Tunc.</span> <span class='ocrx_word' id='word_1_238' title='bbox 458 3753 484 3806; x_wconf 80' lang='grc'>4.</span> <span class='ocrx_word' id='word_1_239' title='bbox 503 3753 547 3804; x_wconf 85' lang='grc'>36.</span> <span class='ocrx_word' id='word_1_240' title='bbox 565 3753 608 3804; x_wconf 84' lang='grc'>77.</span> <span class='ocrx_word' id='word_1_241' title='bbox 644 3752 691 3800; x_wconf 83' lang='lat' dir='ltr'>Ira</span> <span class='ocrx_word' id='word_1_242' title='bbox 710 3768 790 3812; x_wconf 70' lang='lat' dir='ltr'>vero,</span> <span class='ocrx_word' id='word_1_243' title='bbox 812 3767 869 3803; x_wconf 80' lang='lat' dir='ltr'>cum</span> <span class='ocrx_word' id='word_1_244' title='bbox 888 3748 934 3800; x_wconf 70' lang='lat' dir='ltr'>deu</span> <span class='ocrx_word' id='word_1_245' title='bbox 951 3750 1090 3817; x_wconf 73' lang='lat' dir='ltr'>perturbat</span> <span class='ocrx_word' id='word_1_246' title='bbox 1108 3753 1178 3823; x_wconf 22' lang='lat' dir='ltr'>aab,</span> 
     </span>
     <span class='ocr_line' id='line_1_35' title="bbox 124 3831 1166 3905; baseline 0.004 -24"><span class='ocrx_word' id='word_1_247' title='bbox 124 3831 410 3891; x_wconf 60' lang='lat' dir='ltr'>»coadunationem</span> <span class='ocrx_word' id='word_1_248' title='bbox 428 3838 547 3887; x_wconf 58' lang='lat' dir='ltr'>setaniae</span> <span class='ocrx_word' id='word_1_249' title='bbox 565 3854 621 3887; x_wconf 82' lang='lat' dir='ltr'>non</span> <span class='ocrx_word' id='word_1_250' title='bbox 639 3836 730 3887; x_wconf 73' lang='lat' dir='ltr'>tata.-</span> <span class='ocrx_word' id='word_1_251' title='bbox 755 3839 827 3886; x_wconf 79' lang='lat' dir='ltr'>cuius</span> <span class='ocrx_word' id='word_1_252' title='bbox 845 3837 958 3905; x_wconf 76' lang='lat' dir='ltr'>impulsu</span> <span class='ocrx_word' id='word_1_253' title='bbox 977 3839 1065 3887; x_wconf 67' lang='lat' dir='ltr'>exurit</span> <span class='ocrx_word' id='word_1_254' title='bbox 1089 3838 1166 3885; x_wconf 76' lang='lat' dir='ltr'>etium</span> 
     </span>
     <span class='ocr_line' id='line_1_36' title="bbox 122 3916 1168 3992; baseline 0.003 -26"><span class='ocrx_word' id='word_1_255' title='bbox 122 3919 195 3967; x_wconf 72' lang='lat' dir='ltr'>iuter</span> <span class='ocrx_word' id='word_1_256' title='bbox 211 3916 316 3986; x_wconf 67' lang='lat' dir='ltr'>futures</span> <span class='ocrx_word' id='word_1_257' title='bbox 342 3922 394 3972; x_wconf 76' lang='lat' dir='ltr'>tute</span> <span class='ocrx_word' id='word_1_258' title='bbox 419 3925 551 3990; x_wconf 78' lang='lat' dir='ltr'>iurgium:</span> <span class='ocrx_word' id='word_1_259' title='bbox 574 3947 639 3970; x_wconf 71' lang='lat'><em>——·-</em></span> <span class='ocrx_word' id='word_1_260' title='bbox 662 3924 753 3986; x_wconf 68' lang='lat' dir='ltr'>Nosti,</span> <span class='ocrx_word' id='word_1_261' title='bbox 778 3940 845 3992; x_wconf 79' lang='lat' dir='ltr'>quac</span> <span class='ocrx_word' id='word_1_262' title='bbox 870 3934 1029 3992; x_wconf 59' lang='lat' dir='ltr'>acquantum</span> <span class='ocrx_word' id='word_1_263' title='bbox 1056 3923 1168 3971; x_wconf 75' lang='lat' dir='ltr'>alternis</span> 
     </span>
     <span class='ocr_line' id='line_1_37' title="bbox 109 4007 1167 4079; baseline 0.007 -27"><span class='ocrx_word' id='word_1_264' title='bbox 109 4007 190 4054; x_wconf 72' lang='lat' dir='ltr'>&#39;enain</span> <span class='ocrx_word' id='word_1_265' title='bbox 209 4007 323 4057; x_wconf 76' lang='lat' dir='ltr'>versibus</span> <span class='ocrx_word' id='word_1_266' title='bbox 339 4009 527 4079; x_wconf 61' lang='lat' dir='ltr'>intorquentur</span> <span class='ocrx_word' id='word_1_267' title='bbox 544 4008 730 4077; x_wconf 68' lang='lat' dir='ltr'>interfluunt</span> <span class='ocrx_word' id='word_1_268' title='bbox 747 4010 916 4076; x_wconf 67' lang='lat' dir='ltr'>gravissime</span> <span class='ocrx_word' id='word_1_269' title='bbox 935 4008 1118 4068; x_wconf 67' lang='lat' dir='ltr'>contumeliis:</span> <span class='ocrx_word' id='word_1_270' title='bbox 1138 4020 1167 4059; x_wconf 78' lang='lat' dir='ltr'>ut</span> 
     </span>
    </p>
   </div>
   <div class='ocr_carea' id='block_1_4' title="bbox 0 0 1270 4500">
    <p class='ocr_par' dir='ltr' id='par_1_14' title="bbox 0 0 1270 4500">
     <span class='ocr_line' id='line_1_38' title="bbox 0 0 1270 4500; baseline 0 0"><span class='ocrx_word' id='word_1_271' title='bbox 0 0 1270 4500; x_wconf 95' lang='lat' dir='ltr'> </span> 
     </span>
    </p>
   </div>
  </div>
 </body>
</html>
