2520 4500
250 347 317 428 Quo
340 368 402 405 sese
425 363 536 405 uertant
559 361 657 405 tantae
680 356 773 403 sortes
797 348 957 404 somnium.-

249 450 296 509 ,lbi
316 473 353 510 ea
375 453 473 511 oraclo
497 473 564 509 uoce
586 450 687 510 diuina
709 448 797 508 edidit

249 555 377 639 Apollo,
397 578 542 640 puerum,
564 561 679 638 primus
701 552 820 614 Priamo
843 559 895 635 qui
906 555 992 637 soret
1023 549 1026 557 ’

249 661 396 720 Postilla
418 677 504 720 natus
527 671 701 742 temperaret
725 660 841 717 tollere:

251 767 324 825 Eum
348 787 411 823 esse
433 769 554 824 esitium
585 765 689 824 Troiae
708 779 819 849 pestem
844 764 1002 845 Pergamo.

88 871 155 930 Sim
179 868 249 928 laec
272 874 310 927 ut‘
325 869 402 943 dtu,
431 873 546 929 somnia
563 865 737 954 fabularum
768 901 807 911 -
836 904 880 914 —
908 867 969 926 Sed
994 873 1137 954 propiora

91 974 249 1032 uideamus.
299 972 459 1033 Cuiusnam
483 972 563 1032 modi
584 987 626 1031 est
648 971 776 1056 Superbi
801 975 954 1054 Tarquinii
980 979 1135 1050 somnium,

88 1077 125 1137 de
146 1101 203 1161 quc
227 1083 257 1137 in
280 1078 372 1136 Bruto
394 1080 505 1170 Accii
525 1076 686 1160 loquitur
674 1099 738 1159 ipse
756 1075 831 1138 cett.

174 1177 241 1243 Bot
241 1177 313 1243 hius
333 1177 444 1262 (inest
435 1163 537 1241 urcert
538 1200 584 1241 or
607 1175 653 1260 3.)
681 1180 715 1241 et
743 1200 816 1242 eum
846 1183 934 1245 secut
934 1202 972 1244 us
920 1177 1136 1246 tOrellius

86 1304 199 1349 versus
226 1282 311 1360 illos,
342 1304 424 1367 quos
450 1283 689 1369 exscripsimus,
725 1305 766 1346 ex
799 1283 884 1348 Attii
913 1282 1049 1350 Hecuba
1085 1286 1136 1351 de

86 1391 256 1475 promptos
268 1409 336 1452 esse
351 1388 588 1464 iudicaverunt3
610 1387 665 1451 sed
678 1387 890 1454 certissimum
906 1388 984 1454 mihi
997 1391 1135 1468 uidetur,

86 1514 142 1558 eos
156 1493 266 1580 potius
280 1492 402 1557 Ennii
420 1491 651 1557 Alexandro
666 1491 858 1559 tribuendos
871 1516 949 1572 esse,
973 1518 1037 1581 quo
1052 1498 1136 1561 teste

85 1598 234 1665 Varrone
255 1599 296 1664 L.
324 1599 364 1664 L.
396 1599 426 1664 7.
455 1595 498 1663 82
526 1597 693 1684 Euripidis
724 1596 833 1662 fabula
859 1601 1057 1685 cognominis
1084 1623 1135 1665 ex-

85 1724 196 1791 pressa
216 1707 296 1770 erat.
340 1702 488 1770 Primum
514 1726 578 1768 non
603 1706 654 1766 est
675 1705 1006 1789 praetermittendum,
1027 1705 1135 1793 ipsum

87 1807 276 1875 Ciceronem
305 1809 369 1872 iam
397 1809 537 1873 indicare
562 1830 674 1873 versus
704 1831 772 1872 esse
803 1807 1032 1886 Ennianos3
1060 1832 1135 1875 nam

85 1935 149 1979 non
177 1914 281 1978 solum
297 1914 458 2000 extemplo
477 1917 553 1999 post
574 1913 791 2000 fragmentum
812 1913 932 1980 Ennii
958 1914 1133 1981 Annalium

85 2019 284 2096 inseruntur,
307 2018 364 2082 sed
384 2019 481 2083 etiam
501 2019 610 2105 paullo
631 2022 716 2102 post,
738 2017 794 2082 ubi
820 2041 930 2083 versus
958 2019 1135 2085 afferuntur

84 2145 125 2189 ex
146 2123 253 2189 Bruto
280 2123 409 2201 Attii,
430 2120 516 2188 huno
539 2121 654 2191 Cicero
676 2122 864 2188 nominatim
884 2122 1023 2200 exhibet,
1047 2125 1135 2209 quod

86 2233 171 2295 certe
199 2252 263 2294 non
292 2229 437 2306 fecisset,
468 2230 495 2293 si
522 2250 632 2294 versus
664 2227 891 2315 praecedentes
922 2251 964 2293 ex
992 2230 1134 2296 eiusdem

85 2334 251 2422 tragoedia
273 2334 380 2418 aliqua
402 2335 564 2421 desumpti
586 2334 730 2401 fuissent.
746 2331 813 2420 (Of.
837 2331 931 2403 Orat.
946 2333 999 2401 46·
1013 2335 1064 2403 all.
1085 2336 1134 2422 ll.)

82 2438 167 2504 Tum
186 2462 264 2504 vero
285 2440 415 2526 gravius
437 2441 663 2525 argumentum
685 2438 778 2503 offert
796 2438 921 2524 Hygini
946 2438 1056 2513 fabula
1077 2439 1131 2518 91,

83 2567 147 2629 qua
180 2548 272 2609 extra
308 2544 441 2609 dubium
472 2544 540 2609 fere
577 2544 725 2631 ponitur,
758 2542 934 2607 Alexandri
966 2546 1131 2611 cuiusdam

82 2649 268 2736 tragoediae
283 2672 351 2716 esse
372 2649 451 2713 illud
469 2649 696 2737 fragmentum,
719 2669 814 2732 quem
832 2648 955 2713 nullum
976 2650 1131 2716 Latinum

80 2759 229 2841 potitam,
266 2756 328 2820 nisi
363 2755 518 2833 Ennium,
558 2754 694 2819 edidisse
731 2757 866 2820 constat.
910 2754 1000 2842 Hyg.
1037 2755 1059 2822 l.
1096 2779 1129 2822 e:

85 2862 265 2926 Alexander.
308 2867 448 2926 Priamus
486 2864 692 2926 Laomedontis
715 2864 803 2946 filius
840 2887 928 2947 quum
966 2864 1130 2949 complures

86 2964 188 3026 liberos
215 2968 333 3028 liaberet
354 2991 390 3029 ea
413 2970 564 3028 coriculitu
587 2968 736 3037 Hecubae,
766 2967 864 3028 Cissei
888 2990 950 3028 siue
971 2971 1130 3028 Damantr's

80 3067 165 3146 filiae
186 3079 342 3133 naor-eius
362 3095 582 3157 praegnans
604 3079 640 3132 in
663 3075 785 3152 quiete
808 3073 926 3142 uidit,
949 3070 1128 3155 sefaeem

82 3174 268 3239 ardentem
300 3194 456 3261 parere,
495 3200 531 3237 ea
560 3186 619 3260 'qna
650 3191 797 3258 serpentes
832 3177 977 3258 plurimos
1011 3178 1126 3236 exiisse.

82 3279 121 3339 ld
141 3284 233 3342 ursum
256 3283 390 3344 omnibus
406 3282 615 3344 coniectoribus
638 3303 725 3364 quum
748 3294 899 3338 narratum
923 3295 1010 3348 esset,
1032 3283 1127 3365 irnpe-

78 3404 159 3462 rant,
189 3387 333 3471 quidquid
349 3405 484 3473 pareret,
516 3401 652 3447 necarent
675 3406 710 3444 ne
732 3384 764 3442 icl
787 3388 904 3467 patriae
926 3387 1016 3442 exitio
1029 3384 1125 3467 firret.

78 3492 239 3574 Postquam
262 3491 384 3550 Hecuba
402 3495 518 3576 peperit
540 3490 756 3561 Alexandrum,
782 3488 869 3545 datur
892 3484 1124 3568 interficiendus,-

77 3611 159 3668 quem
183 3593 323 3653 satellites
345 3595 546 3654 misericordia
568 3586 765 3678 exposuerunt
786 3590 881 3652 aett-
1021 3627 1024 3637 ·

162 3693 310 3760 Iidem
279 3715 341 3759 vm
330 3693 445 3759 't'doc
420 3697 447 3759 tr
464 3693 645 3780 fragment
611 3693 813 3760 tHeoubae
831 3692 983 3758 Attianae
1004 3632 1124 3777 habeut

76 3815 201 3872 versus,
231 3799 376 3884 quisine
402 3799 529 3863 nomine
549 3800 696 3885 poetae
686 3823 720 3863 ιιι
746 3800 857 3867 eodem
888 3795 1053 3865 Ciceronis
1077 3772 1123 3864 dt

76 3898 280 3970 divinatione
288 3904 371 3970 libro
391 3903 501 3992 paullo
522 3908 599 4009 post
618 3904 769 3990 leguntur

76 4001 236 4092 a..)131
257 4006 310 4076 ιι.-
330 4000 538 4095 (smne
535 4000 803 4095 ιιιιιιοιιι.
888 4112 909 4178 5
