2520 4500
105 225 148 282 Vl.

106 412 183 463 mos
214 393 489 463 coniecturarum
518 401 678 462 auctores
706 414 775 464 non
802 396 1050 486 nominavisse,
1078 418 1150 468 co-

107 498 220 586 gitare
245 494 357 586 velis,
389 506 457 566 tum
487 519 547 567 eas
583 495 783 591 plerumque
809 506 878 569 tam
913 497 1037 573 faciles
1065 523 1146 574 esse

106 608 142 670 nt
186 601 298 672 cuivis
340 622 379 673 se
425 600 589 689 offerant,
641 610 709 672 turn
755 605 874 692 etiam,
923 612 1054 676 textum
1093 628 1150 676 me

107 704 293 775 emendare
322 704 514 793 studuisse,
544 714 726 799 antequam
745 728 865 778 omnes
898 710 1053 780 virorum
1079 709 1149 781 do-

107 817 239 878 ctorum
276 812 494 885 coniecturas
518 813 674 879 noverim
704 809 852 904 indeque
887 832 994 904 saepe
1020 811 1149 885 factum

106 934 188 984 esse
215 921 251 983 ut
276 916 416 983 inventa
445 915 514 982 iarn
541 916 663 984 iterum
691 916 894 987 invenerim.

207 1017 366 1089 Alterum
392 1020 606 1110 propositum
634 1016 717 1106 fuit,
754 1028 790 1088 ut
816 1021 939 1091 iustam
966 1019 1151 1111 fragmen-

105 1130 216 1192 torum
242 1121 504 1210 intelligentiam
531 1143 776 1214 consequerer.
815 1120 930 1206 Quare
950 1148 1019 1198 non
1038 1127 1149 1198 solum

107 1223 415 1296 Grammaticorum
431 1224 683 1318 explicationes
699 1225 978 1319 reliquorumque
995 1227 1152 1324 scripto-

107 1350 181 1399 rum
216 1339 432 1417 contextum,
477 1332 532 1398 cui
568 1331 777 1399 inseruerint
811 1328 996 1423 reliquias,
1032 1334 1149 1406 addidi

105 1471 150 1482 -
173 1432 456 1525 quibusmultum
479 1451 544 1503 nos
568 1436 767 1527 promoveri
794 1437 908 1507 statim
928 1437 1067 1511 videbis
1082 1477 1145 1527 -,

106 1535 170 1608 sed
198 1540 300 1608 etiam
326 1535 426 1607 locos
460 1536 549 1607 alios
578 1541 767 1627 arcessivi,
803 1539 925 1632 quibus
953 1540 1147 1632 fragmenta

105 1640 311 1714 obscuriora
349 1641 556 1711 illustrarem
590 1652 646 1710 aut
678 1663 789 1712 meam
826 1646 1146 1738 interpretationem
1196 1665 1198 1668 ⁴

105 1745 316 1816 adiuvarem.

207 1849 365 1942 Denique
399 1852 637 1920 necessarium
670 1847 750 1939 init,
786 1862 823 1922 ut
855 1867 1057 1944 argumenta
1086 1855 1146 1927 f-

103 1952 259 2023 bularum
287 1975 387 2047 qnam
414 1955 564 2024 maxima
598 1953 842 2047 probabilitate
872 1962 1144 2050 exquirerentur.

103 2055 178 2128 Hoc
203 2068 324 2129 votum
349 2067 386 2129 ut
413 2061 632 2151 impetrarem
659 2068 799 2130 strenue
833 2063 988 2148 tragicos
1020 2052 1143 2153 poetas

104 2158 317 2232 Graecorum
345 2164 427 2252 adii,
454 2165 553 2232 itaut
578 2180 648 2232 non
669 2164 780 2236 solum
806 2162 998 2234 fabularum
1018 2186 1145 2258 super-

103 2268 218 2336 stitum
247 2265 309 2337 sed
337 2269 441 2336 etiarn
462 2264 733 2354 fragmentorum
753 2289 799 2338 ex
818 2267 1006 2361 deperditis
1033 2272 1146 2338 ratic-

102 2391 181 2441 nem
226 2380 390 2442 accurate
430 2369 604 2442 haberem.
659 2372 955 2466 Quidquidenin
992 2373 1035 2444 de
1054 2371 1146 2444 ›Ro-

102 2496 281 2545 manorum
310 2479 445 2568 tragica
472 2479 572 2570 poesi
600 2478 676 2569 quis
705 2480 828 2570 sentit,
857 2476 924 2551 hoc
951 2501 1054 2550 nemo
1081 2501 1144 2548 re-

101 2576 225 2650 futabit
275 2579 382 2673 longe
433 2584 598 2653 maiorem
654 2581 914 2674 tragoediarum
965 2599 1144 2651 numerum

103 2680 318 2754 Graecorum
345 2684 457 2756 fuisse
483 2688 720 2755 imitationem.
756 2686 808 2752 Ita
834 2685 954 2752 Latina
982 2701 1002 2748 e
1030 2677 1146 2748 Grae-

103 2789 176 2877 cis,
205 2785 339 2858 Graeca
368 2810 388 2857 e
414 2785 544 2856 Latinis
571 2783 764 2873 fragmenta
797 2792 912 2852 mutuo
938 2782 1052 2851 lucem
1079 2797 1145 2852 ac-

104 2894 242 2985 cipiunt.
296 2890 361 2976 Qui
388 2891 487 2983 primi
521 2887 587 2958 hac
620 2891 656 2958 in
688 2908 738 2955 re
762 2889 865 2956 etiam
898 2884 988 2979 apud
1014 2885 1143 2956 Attium

104 2984 321 3090 aliquantum
350 2992 574 3088 proiecerunt
605 2988 813 3062 Welckerus
847 2997 881 3060 et
926 2989 1143 3060 Hermannns

104 3109 200 3190 sunt,
240 3121 381 3193 quorum
410 3101 614 3192 opiniones,
647 3103 683 3165 ut
711 3103 789 3165 sunt
824 3092 1047 3166 doctissimae
1083 3096 1143 3164 in-

106 3206 464 3296 geniosissimaeque,
493 3201 677 3292 diligenter
703 3218 841 3292 semper
866 3199 1018 3292 respexi.

206 3307 302 3378 Haec
347 3317 425 3380 sunt
461 3327 550 3399 quae
593 3304 761 3397 spectavi.
816 3298 853 3375 Si
887 3320 1142 3390 nonnumquam

102 3415 269 3506 peccavi,
298 3411 497 3483 condonare
523 3408 631 3498 velis,
661 3408 773 3479 lector
797 3405 987 3494 benevole,
1011 3401 1143 3489 iuveni,

104 3538 236 3589 memor
262 3519 378 3609 operis
407 3514 640 3587 difficultatum
669 3523 702 3584 et
728 3512 819 3584 illius
848 3509 1027 3580 Ovidiani:

205 3619 249 3690 Ut
276 3621 388 3694 desint
413 3622 521 3709 vires,
551 3628 663 3690 tamen
685 3627 738 3689 est
768 3612 941 3686 laudanda
968 3609 1142 3710 voluntas.
