2520 4500
627 46 700 171 ὕ

262 333 322 419 Ἀἱ
344 329 401 388 sibi
421 332 569 408 inutilior,
592 331 688 392 timidi
708 345 867 390 eornmento
889 336 991 390 retexit

200 432 202 437 ¹
283 434 465 512 Naupliades
488 438 595 513 animi,
620 442 765 518 vitataque
786 441 878 494 traxit
900 441 929 494 in
952 437 1059 495 arma?

126 536 249 601 Irouice
278 534 387 599 laudnt
415 536 648 613 adversarium,
680 537 756 600 dum
786 557 867 620 quae
895 536 964 621 ipse
993 533 1164 601 fortissimo

125 640 201 706 fecit
222 638 262 703 ab
282 638 377 704 Ulixe
398 644 582 727 perpetrata
603 641 748 706 simulat:

58 741 109 808 68.
213 745 271 810 IV.
304 744 380 812 Vidl
402 749 435 810 te
457 744 569 824 Ulixe,
592 747 671 812 stne
694 748 887 811 sternentem
907 745 1060 822 Hectora,

280 850 358 918 Vidl
378 853 538 936 tegentem
560 851 661 937 cllpeo
682 852 815 918 classem
835 849 1007 926 Dtricam3
1076 857 1080 868 '

281 956 355 1040 Ego
376 955 454 1021 time
478 957 660 1042 pudendam
689 957 835 1042 tripidus
862 955 1016 1020 hortabtr
1045 955 1164 1040 fugam.

128 1059 248 1145 Aperte
269 1060 412 1144 loquitur
434 1062 519 1148 apud
541 1060 694 1129 Ovidium
715 1061 749 1146 (l.
773 1083 799 1129 c.
822 1085 852 1128 v.
874 1059 917 1126 85
941 1064 975 1126 et
997 1058 1070 1145 9l):

285 1170 371 1226 Hune
392 1163 446 1250 ego
468 1175 648 1252 sanguineae
670 1193 805 1230 succcessn
829 1169 926 1229 coedis
950 1184 1079 1232 ovantem

287 1269 425 1330 Cominus
449 1279 563 1353 ingenti
583 1279 750 1358 resupinum
770 1274 900 1358 pondere
912 1274 988 1358 fodi
1007 1309 1051 1319 -
1072 1309 1114 1318 —-

286 1376 400 1458 Nempe
422 1399 476 1457 ego
498 1379 576 1437 mille
598 1401 659 1437 meo
679 1383 799 1462 protexi
816 1388 935 1461 pectore
952 1399 1081 1461 puppes,

286 1478 372 1560 Spem
398 1486 488 1537 uestri
508 1481 628 1541 reditus.

131 1579 236 1643 Aiacis
259 1576 354 1643 etiam
376 1600 445 1642 esse
464 1578 628 1644 videntur:

63 1680 114 1746 69.
217 1688 252 1751 V.
289 1682 398 1765 Quare
427 1683 572 1748 incusem
601 1685 702 1764 hunc,
731 1706 854 1769 nequeo
883 1682 1069 1768 inputando
1092 1684 1170 1750 evil-

442 1811 530 1854 vere:

287 1893 372 1958 Nam
402 1894 429 1957 sl
462 1899 605 1972 veretur,
640 1894 718 1979 quid
751 1915 824 1959 eum
855 1913 1001 1958 accusem
1034 1893 1088 1976 qui
1121 1890 1199 1959 este

443 1999 585 2085 probus?

286 2103 344 2168 Sin
365 2103 613 2168 inverecundum
634 2104 731 2168 {mimi
752 2103 914 2187 ingenium
935 2100 1078 2187 pessidet

286 2207 374 2288 Quid
381 2229 454 2272 eum
466 2199 627 2284 incusem,¹
636 2208 670 2272 id
681 2208 734 2293 qui
741 2207 834 2293 ptrvi
845 2206 986 2270 audirier
997 2206 1164 2272 aestimet?

133 2312 200 2377 Sub
221 2313 315 2377 finem
337 2313 559 2399 complectitur
578 2314 687 2400 paucis
710 2313 789 2377 vitia
810 2312 934 2378 Ulixis:

62 2427 115 2493 70·
217 2434 279 2500 Vl.
307 2432 401 2498 Nunc
421 2433 483 2520 ego
505 2438 538 2500 te
558 2434 599 2500 ab
622 2456 746 2500 summo
768 2435 833 2500 itm
862 2434 1009 2499 detexam
1031 2431 1170 2498 exirdio.

219 2728 262 2781 lV.
289 2727 428 2786 chariat.
448 2746 472 2797 p.
489 2733 555 2786 252:
574 2757 654 2788 --.
675 2735 746 2784 Haec
764 2737 853 2784 omnia
870 2750 927 2786 cum
946 2731 1035 2782 derisu
1058 2731 1172 2803 quodam

132 2815 284 2867 dictasunt
302 2817 577 2886 ajorttoriodnon
592 2817 705 2887 fortem.
741 2819 779 2872 De
796 2835 825 2871 re
843 2819 875 2875 ci.
900 2819 975 2872 llum.
998 2817 1027 2875 ll.
1054 2818 1086 2873 13
1110 2820 1136 2869 in
1155 2817 1172 2872 t.

135 2905 167 2956 14
184 2903 246 2960 int.
360 2953 365 2960 Α

220 3006 250 3059 V.
276 3007 350 3064 Auel.
368 3009 401 3060 ad
418 3009 531 3062 Herenn.
549 3010 578 3069 2.
596 3014 639 3067 26,
675 3015 738 3062 Item
755 3014 879 3062 vitiosum
902 3023 954 3073 est,
978 3011 1061 3079 ipsum
1079 3009 1129 3058 sibi
1145 3011 1173 3058 in

135 3109 183 3142 suo
198 3094 318 3144 oratione
335 3094 486 3160 dissentire,
505 3110 529 3148 et
547 3110 643 3149 contro
661 3117 700 3162 eu,
720 3117 786 3169 quae
806 3110 868 3148 unte
886 3097 983 3148 dixerit
993 3134 1001 3159 ‚
1020 3095 1106 3146 dicere
1124 3094 1174 3145 loc

134 3177 231 3229 modo:
245 3207 310 3216 -—
325 3182 399 3248 (Quo
416 3200 497 3235 consa
516 3183 586 3236 turre
604 3182 686 3236 Godd.
699 3184 757 3240 edd.
776 3194 838 3241 vett.
849 3213 882 3223 -
894 3183 942 3235 Pro
961 3200 1059 3253 nequeo
1080 3182 1175 3233 habent

133 3267 209 3322 codd,
225 3278 279 3316 tum
295 3265 333 3330 id,
348 3268 417 3320 unte
434 3268 546 3324 Gronov.
564 3273 595 3327 ci.
610 3273 695 3327 timeo.
711 3290 810 3342 nequeo
829 3270 946 3324 Lambiu.
957 3269 1057 3327 Ernest.
1073 3269 1173 3325 Schutn.

133 3353 350 3409 Graevio-Bnrm.
370 3383 402 3394 -
422 3355 453 3407 id
468 3360 515 3428 qui
534 3360 616 3428 parvi
632 3357 725 3410 auditu
750 3361 876 3410 existimet
894 3358 953 3426 vg.)
978 3356 1030 3412 Ch:
1056 3357 1175 3408 Vereri

133 3443 252 3509 perdidit.
270 3441 355 3502 Plaut.
368 3443 465 3503 Bacch.
485 3448 508 3501 1.
527 3452 552 3502 2.
572 3449 613 3502 50.
631 3474 662 3492 -.
680 3445 852 3514 Ingenium
873 3445 977 3512 ingenii.
997 3444 1077 3500 Plaut.
1095 3442 1174 3497 such.

135 3527 153 3584 Ι.
170 3533 194 3586 2.
214 3533 257 3584 69.
277 3556 311 3568 -
329 3529 365 3581 Tu
383 3539 454 3583 recte
471 3534 537 3584 vivis
556 3534 577 3583 si
597 3549 670 3584 curas
697 3549 768 3597 esse,
787 3531 875 3600 quod
894 3531 994 3586 audis.
1030 3531 1091 3582 llos.
1108 3530 1172 3598 Epp.

138 3619 161 3671 1.
187 3619 227 3672 16.
254 3620 295 3672 17.
324 3616 438 3670 'Sensusz
472 3618 559 3671 Ulixes
583 3629 626 3671 aut
651 3619 813 3672 verecundus
837 3626 882 3669 aul
910 3616 1099 3669 inverecundus
1125 3624 1172 3672 eet.

137 3699 181 3752 Sin
200 3705 359 3757 verecundus
377 3714 424 3770 est,
435 3692 495 3758 'nou
507 3708 672 3759 accusatione
688 3705 733 3759 sed
745 3706 823 3758 leudo
835 3705 926 3770 dignus
946 3713 998 3768 est3
1017 3705 1057 3755 sin
1070 3705 1173 3756 iuvere-

137 3787 244 3852 cundus,
261 3792 293 3844 ad
311 3793 412 3845 irritum
431 3794 507 3845 cadet
518 3795 664 3858 accusatio,
682 3794 744 3861 quia
763 3791 838 3844 nihili
857 3791 928 3857 lacit,
946 3790 1023 3843 talem
1041 3791 1174 3844 schabest

136 3883 164 3925 el
183 3883 320 3936 contemni.

225 3979 267 4036 Vl.
293 3984 365 4040 Auci.
384 3985 417 4037 ud
436 3983 546 4039 llcronn.
564 3989 588 4039 2.
608 3987 664 4041 27.:
692 3983 779 4051 Quid?
796 3996 886 4052 postea
905 3982 971 4054 quid
987 3983 1047 4034 ait?
1068 4009 1132 4021 ·--
