2520 4500
73 123 116 193 28

73 283 236 351 Homerus
258 287 292 350 et
313 285 415 351 multo
432 287 596 374 ‘copiosius
619 289 755 362 enarrat,
779 289 812 351 et
842 286 1000 351 antecedit
1021 288 1117 352 etiam

74 393 278 456 nocturna
299 390 417 456 dueum
439 413 456 456 e
479 414 591 457 somno
616 390 916 468 exsuscitatio,
945 413 1025 476 quae
1045 414 1118 478 pro

37 507 40 512 '
73 497 143 582 prie
163 517 241 561 voce
261 495 454 580 νυκτεγερσία
476 493 644 562 aGraecis
666 495 836 582 significari
859 495 1004 562 debebat.
1033 495 1118 560 Attii

74 622 150 666 vero
177 603 365 687 argumento
394 623 510 665 nomen
540 602 741 687 aptissimum
767 600 905 664 inditum
928 606 987 666 est.
1031 600 1118 667 Wel·

76 705 204 783 ckerus,
225 727 267 770 ne
287 708 416 771 nostrae
436 706 620 792 tragoediae
640 707 820 793 exemplum
843 706 940 781 desit,
964 706 1046 770 duos
1068 727 1119 769 ex-

75 811 179 876 titisse
209 810 356 897 perhibet
387 810 523 876 Athenis
554 810 696 888 Rhesos,
732 834 868 896 quorum
901 809 982 874 alter
1015 810 1120 875 adhuc

75 919 237 1003 superstes
257 916 339 982 falso
360 916 510 1002 Euripidi
530 917 722 993 vindicetur3
751 917 907 1002 genuinus
929 937 1006 981 vero
1025 913 1120 980 Euri-

65 1010 159 1108 'picis
181 1022 365 1108 deperditus
389 1044 426 1086 ea
454 1023 621 1108 tragoedia
641 1021 756 1098 fuerit,
786 1043 881 1106 quam
909 1021 1054 1086 imitatus
1076 1021 1119 1085 sit

75 1125 196 1194 Attius.
235 1125 298 1193 Cui
318 1150 377 1192 nos
393 1127 582 1214 adstipulari
602 1149 667 1192 non
688 1147 784 1213 posse
804 1129 952 1213 apertum
974 1129 1040 1202 est3
1063 1126 1120 1191 sed

76 1232 204 1296 videtur
232 1233 370 1298 Latinus
398 1235 497 1319 polita
523 1234 632 1319 potius
662 1237 774 1318 alequid
805 1239 986 1319 inexpertum
1017 1258 1121 1294 sceoae

76 1344 254 1401 commisisse
277 1337 373 1423 (Hor.
395 1337 436 1404 A.
452 1338 491 1405 P.
514 1337 606 1423 125),
635 1341 673 1403 ut
693 1336 745 1402 hic
766 1359 894 1422 quoque
914 1335 1020 1402 valeat
1042 1334 1121 1399 illud

76 1439 291 1507 Horatianum
316 1442 369 1528 (A.
392 1443 431 1511 P.
454 1441 545 1528 285):

233 1553 290 1612 Nil
309 1557 478 1612 intentatum
503 1557 598 1612 nostri
617 1553 726 1633 liquere
743 1560 861 1635 poetae,

118 1703 122 1710 ,
233 1640 296 1716 Nec
323 1661 472 1717 minimum
502 1679 632 1716 meruere
653 1655 740 1713 decies
771 1658 944 1737 vestigia
972 1656 1122 1715 Graeca

233 1763 334 1822 Ausi
353 1761 534 1821 deserere
555 1757 630 1822 cett.

164 1860 300 1928 Scenam
316 1861 439 1926 concilii
460 1861 609 1925 nocturni
623 1859 786 1926 Homerus
802 1860 952 1928 ostendit.
975 1860 1122 1927 Acusto-

77 1966 171 2033 dibus
192 1967 277 2031 inter
295 1966 416 2033 fossam
437 1969 471 2032 et
492 1965 612 2032 vallum
640 1966 803 2033 collocatis
824 1966 876 2050 (ll.
900 1965 931 2032 9.
955 1964 1026 2050 67),
1058 1989 1119 2052 quo

77 2073 301 2160 Agamemnon
315 2071 411 2136 duces
426 2072 594 2137 convenire
608 2072 744 2135 iusserat
758 2069 968 2156 (1110127),
984 2069 1122 2136 Nestore

78 2178 158 2244 duce
179 2177 298 2243 vallum
319 2177 511 2262 transgressi
533 2177 566 2240 in
586 2176 658 2240 loco
681 2198 700 2239 a
722 2175 857 2239 mortuis
878 2198 980 2240 vacuo
1001 2176 1122 2260 (11.10.

81 2281 143 2349 198
166 2283 228 2368 sq.)
249 2281 414 2348 consident
435 2284 531 2366 atque
553 2280 860 2347 consilium-ineunt.
898 2279 1060 2346 Credibile
1075 2286 1125 2347 est

77 2388 207 2455 Attium
228 2387 486 2453 deliberationem
508 2386 612 2465 illam,
643 2401 712 2471 qua·
728 2385 932 2473 Agamemno.
958 2387 1051 2474 plane
1073 2387 1125 2452 de

79 2517 210 2583 sperans
223 2494 271 2560 'de
292 2493 427 2559 victoria
449 2493 561 2580 fugam
580 2493 702 2571 suadet,
724 2493 867 2578 quamvis
890 2493 977 2580 apud
998 2493 1124 2577 epicum

78 2604 209 2688 poetam
236 2599 404 2665 antecedat
424 2598 476 2684 (Il
498 2597 528 2666 9.
551 2600 622 2684 im),
645 2599 709 2664 huc
731 2599 886 2665 attulisse.
930 2596 1005 2660 Hoc
1028 2613 1124 2674 quam

80 2708 154 2794 apte
174 2704 244 2769 fieri
265 2705 424 2790 potuerit,
448 2724 547 2787 quum
568 2724 653 2766 nunc
672 2700 906 2786 Agamemnoni
927 2696 1024 2759 etiam
1044 2691 1124 2756 illud

81 2809 219 2887 accedat,
243 2809 330 2893 quod
344 2807 483 2874 Achilles
505 2803 714 2892 implacabilis
735 2805 857 2888 legatos
873 2798 1038 2874 dimiserit,
1062 2819 1124 2861 ma

80 2914 232 2980 nifestum
253 2916 311 2980 est.
336 2911 449 2998 Surgit
470 2910 570 2996 igitur
589 2907 712 2994 primus
735 2903 933 2989 Ἀγαμέμνων
949 2901 1124 2986 δακρυχέων

83 3018 161 3086 ὥστε
182 3015 278 3105 κρήνη
299 3014 488 3101 μελάνυδρος
507 3015 559 3101 (ss.
576 3012 606 3080 9.
625 3010 679 3097 ll)
701 3013 733 3074 et
756 3008 929 3093 alloquitur
947 3007 1122 3093 principes:

20 3138 70 3220 51S
168 3124 195 3190 Ι.
228 3119 328 3187 Cuius
350 3121 406 3188 vde
428 3120 558 3186 tumulti
580 3117 676 3184 carisa
695 3114 840 3180 accierim
854 3116 887 3180 et
902 3111 979 3199 quid
1000 3132 1121 3198 parem,

238 3226 417 3293 Advdrtite.
442 3263 481 3273 -

81 3331 208 3399 Deinde
229 3331 482 3418 desperationem
503 3351 594 3395 suam
616 3326 783 3393 describit:

171 3610 191 3664 l.
214 3612 280 3666 llon.
305 3627 330 3679 p.
352 3607 413 3667 484.
439 3615 455 3666 6
502 3609 619 3662 Tumulti
638 3628 690 3680 pro
715 3610 839 3662 samareus
868 3637 883 3649 -
908 3637 923 3649 -
949 3607 1044 3655 Accius
1070 3633 1084 3644 -
1109 3633 1125 3645 -

85 3699 156 3752 Idem
174 3701 359 3768 Nectegress'u:
377 3715 400 3755 c.
418 3715 444 3755 v.
462 3709 481 3754 t.
500 3713 522 3754 c.
540 3714 578 3753 a:
598 3709 623 3748 et
641 3696 706 3769 qusd
715 3712 809 3765 purum
821 3692 941 3745 divorti?
960 3692 1126 3744 lacererimeo

85 3786 153 3859 quid
167 3787 211 3848 W.
229 3815 261 3824 -
279 3787 335 3838 ucis
359 3788 435 3837 timeo
459 3784 526 3858 quid
543 3788 611 3840 1480
629 3784 659 3840 A.
678 3782 700 3839 l.
724 3811 750 3824 -
769 3783 890 3833 accierim
915 3792 938 3831 et
965 3775 1031 3850 quid
1047 3777 1073 3833 h.
1091 3803 1127 3814 -

87 3873 162 3947 quod
175 3891 271 3944 parum
289 3874 357 3928 1480
375 3872 420 3938 u.)
456 3873 610 3926 Coniectura
636 3881 675 3925 est
693 3870 824 3938 Stephani.
859 3865 911 3922 Gt:
938 3865 1044 3928 Paucis,
1064 3864 1129 3954 sd-

88 3971 195 4026 verte,
213 3961 321 4018 docebo.
358 3961 429 4031 virg.
446 3961 494 4018 Ae.
511 3961 538 4014 l.
558 3963 617 4016 115.
