2520 4500
1152 128 1199 201 09

154 316 265 361 aarum
299 294 480 380 argumenti
519 314 675 357 summam
712 293 878 379 expressit.
910 290 1070 355 Primaria
1094 307 1197 376 repu-

154 423 254 486 gnam
275 400 419 486 opinioni
446 403 573 466 nostrae
596 418 691 462 causa
711 397 744 461 in
767 398 894 462 nominc
915 393 1077 482 Deiphobi
1106 417 1206 487 quae·

153 488 252 571 rende
286 508 388 580 esset,
424 503 505 568 hanc
536 525 612 568 vero
645 502 811 567 sustulerit
843 503 906 565 iam
943 501 1113 586 cogitatio,
1152 501 1198 564 ita

153 608 351 695 tragoediam
384 607 539 674 elaborari
574 608 734 694 potuisse,
770 611 808 672 ut
835 628 885 683 ea,
919 629 999 690 quae
1030 627 1127 691 supra
1157 606 1197 669 de

152 712 325 801 Deiphobo
358 713 454 777 allata
482 716 572 790 sunt,
611 713 815 789 eminuerint,
850 715 882 777 et
909 711 978 798 ipse
1006 709 1197 797 Deiphobus

152 823 305 902 tanquam
327 817 469 882 Helenae
491 818 606 882 coniux
622 822 654 882 et
676 823 751 905 post
771 817 946 883 Hectorem
967 816 1197 899 Priamumque

152 927 297 989 mortuos
326 923 538 987 Troianorum
564 924 711 1010 princeps
743 922 841 987 fuerit
871 943 1008 1008 persona
1035 921 1196 1007 primaria.

150 1027 294 1093 Adiuvat
322 1031 429 1091 autem
456 1049 515 1092 nos
544 1028 606 1091 alia
631 1028 727 1092 etiam
749 1049 845 1092 causa
871 1048 971 1111 eaque
997 1026 1083 1090 haud
1106 1025 1198 1112 parvi

149 1133 300 1220 ponderis
335 1132 377 1195 ad
410 1135 515 1197 totam
534 1133 768 1217 ‘quaestionem
810 1123 1053 1198 diiudicandam.
1097 1131 1197 1218 Apud

149 1232 353 1304 Priscianum
367 1237 409 1300 de
430 1240 522 1302 metr.
538 1237 611 1305 Ter.
635 1237 665 1304 2.
685 1236 724 1302 15
739 1236 824 1302 Attii
844 1236 1059 1322 fragmentum
1080 1237 1197 1301 citatur

150 1366 190 1409 ex
203 1341 323 1417 Persi
332 1341 393 1405 dis
406 1343 420 1418 <
420 1342 459 1408 fr.
469 1341 544 1427 ΙΙΙ).
571 1342 646 1408 Hoc
659 1364 736 1407 vero
750 1342 934 1428 tragoediae
949 1363 1065 1406 nomen
1078 1341 1112 1405 in
1126 1344 1198 1407 tota

149 1448 341 1532 antiquitate
369 1469 526 1531 nusquam
548 1447 707 1533 reperitur
735 1452 768 1511 et
790 1446 848 1512 hac
869 1470 904 1512 re
926 1448 1021 1511 etiam
1044 1446 1196 1532 neglecta,

96 1634 99 1641 ,
149 1555 372 1639 argumentum
402 1552 608 1618 Persidarum
645 1551 730 1616 unde
765 1553 1002 1629 desumeretur,
1032 1552 1119 1616 nulla
1152 1573 1196 1616 es-

150 1658 255 1722 setin
280 1661 435 1743 promptu
453 1655 626 1743 probabilis
653 1657 841 1722 coniectura.
875 1656 927 1721 Ea
952 1657 992 1721 de
1011 1680 1106 1722 causa
1131 1658 1196 1721 iam

149 1761 338 1838 Welckerus
354 1763 568 1827 coniecturam
582 1763 620 1826 in
634 1762 750 1828 Persi
759 1762 803 1829 de
823 1762 1056 1827 commendarit
1072 1762 1196 1827 etmihi

151 1866 295 1950 quidem=
314 1871 379 1930 stat
414 1868 571 1932 sententia
609 1868 730 1953 optime
763 1889 835 1932 eum
870 1871 903 1932 et
926 1868 1102 1934 ¹verissime
1134 1867 1197 1933 hoc

152 1969 271 2038 fecisse.
315 1972 369 2035 Ita
398 1993 437 2035 ne
463 1993 580 2036 nornen
608 1972 736 2055 quidem
761 1971 923 2038 Graecum
951 1973 1066 2049 defiuit,
1097 1996 1196 2058 quum

150 2078 318 2163 tragoedia
332 2077 413 2141 duos
425 2075 573 2140 hahuerit
587 2076 709 2151 titulos,
725 2076 932 2163 Deiphobum
943 2081 975 2143 et
985 2078 1197 2164 Persidem.*)

237 2180 404 2261 Quaenam
436 2182 534 2247 suerit
570 2181 754 2268 tragoediae
793 2183 962 2269 dispositio
998 2186 1030 2248 et
1063 2185 1195 2248 adorna

149 2284 212 2366 tio,
242 2307 376 2370 prorsus
403 2287 495 2352 nohis
522 2287 616 2363 latet3
653 2310 752 2371 quum
782 2289 869 2375 apud
901 2289 1027 2375 epicum
1065 2293 1196 2376 poetam

27 2464 30 2470 .
150 2413 215 2453 nox
236 2389 412 2454 intercedat
433 2392 516 2455 inter
530 2391 692 2478 Deiphobi
712 2397 849 2457 mortem
871 2398 904 2458 et
926 2393 1195 2459 introductionem

153 2493 227 2576 equi
248 2493 360 2577 lignei,
389 2495 514 2559 initium
544 2496 670 2562 fabulae
698 2497 835 2562 fortasse
860 2497 922 2562 fuit
944 2499 1071 2564 ineunte
1091 2503 1194 2577 nocte,

149 2597 219 2661 finis
249 2599 524 2684 appropinquante
548 2602 613 2677 die,
644 2606 681 2666 ut
709 2602 875 2687 Euripidis
904 2603 1002 2668 Rhesi
1032 2607 1064 2668 et
1093 2606 1196 2669 nostri

149 2703 386 2790 Nyctegresiae.
432 2704 554 2771 Utrum
589 2707 701 2771 Attius
734 2708 870 2792 aliquem
903 2731 943 2772 ex
970 2709 1023 2786 iis,
1058 2732 1195 2793 quorum

148 2809 320 2873 laudantur
343 2808 496 2875 Persides
526 2813 615 2895 (sunt
640 2812 810 2900 Agathou,
844 2814 985 2901 Iophon,
1016 2812 1194 2902 Cleophon,

150 2909 374 3000 Nicomachus)
388 2916 532 2982 imitatus
553 2918 605 2994 sit,
628 2941 686 2982 nec
707 2940 757 2995 ne,
779 2918 865 2984 haud
886 2919 977 2984 facile
993 2920 1192 2989 divinaveris.

149 3014 343 3104 Fragmenta
358 3025 465 3086 autem
486 3023 532 3085 ita
547 3022 722 3086 ordinanda
742 3025 774 3087 et
793 3024 979 3110 explicanda
997 3027 1192 3091 censuimust

80 3153 142 3220 144
233 3141 260 3208 Ι.
291 3143 476 3208 Minervae.
494 3143 613 3207 donum
650 3143 856 3229 armipotenti
893 3145 1001 3212 Danai
1038 3147 1193 3216 abeuntes

463 3247 582 3313 dicant.

232 3454 262 3518 *)
289 3453 327 3504 Nc
353 3457 472 3523 analogia
499 3477 631 3514 careamus
658 3461 749 3530 piena,
775 3452 920 3516 addendum
949 3472 1000 3526 est,
1028 3464 1187 3532 Wagncrum

147 3540 238 3601 (poeti.
259 3551 342 3609 tragg.
362 3541 452 3594 Gracc.
471 3546 561 3614 fragm.
580 3564 603 3614 p.
624 3551 697 3612 102.)
724 3549 871 3603 Nicomachi
890 3551 1018 3603 Persidem
1039 3561 1065 3604 et
1078 3549 1191 3619 Polyxe-

149 3639 205 3675 nam
223 3631 340 3680 diversas
368 3645 418 3679 nou
449 3630 543 3683 hahere
568 3635 683 3697 fabulas,
709 3638 753 3688 scd
783 3641 844 3690 itam
872 3639 924 3690 duo
948 3640 1063 3690 ciusdem
1088 3641 1192 3693 fabulae

150 3726 261 3772 uomina,

235 3799 253 3853 l.
280 3805 352 3858 Serv.
381 3802 443 3854 Dan.
467 3805 498 3855 ad
528 3807 598 3874 Virg.
626 3810 672 3864 Ac.
692 3813 716 3864 2.
738 3791 784 3865 173
817 3820 910 3866 Accius
933 3818 961 3866 in
983 3815 1120 3882 Deiphobo
1146 3818 1190 3866 in-

148 3887 273 3953 scriptum
292 3891 371 3944 di'cie:
398 3921 478 3949 --.
507 3892 544 3947 Ci.
565 3893 658 3964 Hygia,
678 3898 729 3953 rai».
751 3900 814 3954 108:
834 3900 867 3952 Et
888 3905 912 3953 in
933 3919 1001 3970 equo
1019 3904 1190 3970 scripserant:

147 3971 249 4036 „Danai
270 3973 399 4040 Minervae
418 3981 486 4034 douo
506 3981 596 4037 dant.“
