2520 4500
1080 146 1138 216 m·

75 315 278 402 apparuisse,
308 314 346 374 ut
374 330 408 375 se
437 328 526 373 arma
552 307 721 372 allaturam
750 307 971 394 promitteret,
1000 306 1035 372 id
1062 327 1121 375 nos
1174 290 1179 301 ’

75 421 160 486 Attii
187 418 368 504 fragmenta
394 413 563 500 diligenter
591 432 664 476 oum
687 411 886 477 enarratione
906 410 1017 476 Iliadis
1039 434 1121 481 rena

74 528 228 614 ponentes
251 523 292 588 ad
312 517 600 608 Epipausimaehen
620 516 822 581 referendum
845 516 1033 584 censuimus.
1134 583 1136 586 ,

494 782 700 793 ...μα’-..ροισι-

365 1061 763 1132 EXCUBSUS
807 1063 834 1130 1.

164 1245 234 1312 Cic.
258 1240 352 1308 Orat.
374 1239 427 1307 46.
454 1240 541 1305 155.:
573 1245 675 1325 Itaque
697 1242 770 1302 idem
791 1252 895 1326 poeta,
927 1248 979 1324 qui
1000 1247 1122 1311 ἐπιμίκ-

77 1365 136 1418 tius
159 1367 361 1414 contruxerat:
447 1328 450 1336 ‚

237 1458 338 1514 Putris
361 1460 417 1511 mei
439 1477 531 1511 meum
548 1455 663 1536 sactum
685 1453 791 1535 pudet,

77 1587 134 1646 pro
158 1581 288 1619 meorum
304 1561 457 1644 succorum
480 1573 507 1615 et

242 1667 379 1723 Tenetur:
410 1666 528 1721 esitium
553 1668 651 1744 rapit,

77 1797 134 1856 pro
156 1771 306 1828 euz'u'orum
329 1804 373 1813 -

80 1871 189 1939 Verba
225 1867 319 1944 haee,
363 1888 444 1951 quae
478 1867 614 1953 exempli
650 1886 747 1931 eausa
787 1862 879 1930 affert
914 1860 1047 1943 Cicero,
1084 1889 1124 1932 ex

78 1975 224 2042 versibus
248 1973 417 2058 desumpta
446 1975 521 2036 eunt
559 1972 613 2055 qui
635 1971 675 2035 de
705 1972 802 2037 divin.
835 1971 862 2038 1.
886 1970 938 2038 31.
962 1970 1004 2036 66
1028 1974 1061 2036 et
1082 1971 1125 2038 67

76 2080 257 2146 laudantur.
305 2075 397 2157 Quos
430 2099 498 2142 esse
533 2075 742 2144 Ennianos
776 2074 1064 2142 demonstrabimus
1092 2078 1125 2143 in

78 2207 214 2250 excursu
235 2183 280 2250 Π,
325 2183 439 2270 Pergit
462 2180 595 2247 Ciceros
627 2208 683 2243 nou
706 2185 776 2243 sls'cs't
798 2186 918 2244 liberum
942 2200 972 2244 ut
992 2187 1126 2268 plerique
1209 2218 1213 2223 ·

78 2296 222 2376 loquimur
244 2315 307 2351 eum
332 2292 452 2376 cupidos
482 2291 603 2350 libes-um
625 2306 675 2348 aut
698 2292 727 2348 in
750 2289 871 2349 liberum
895 2290 958 2349 loco
980 2290 1124 2349 dicimus:
1209 2270 1212 2275 Ι

80 2396 132 2454 sed
152 2411 182 2455 ut
204 2399 254 2454 issi
276 2398 392 2456 volunt:

238 2501 340 2580 Neque
361 2515 439 2559 tusum
458 2524 583 2582 stupeum
607 2504 637 2558 in
658 2503 803 2579 gremium
823 2499 946 2558 extollas
968 2498 1124 2557 liberorum

394 2626 430 2660 ex
451 2620 478 2660 le
498 2624 604 2681 gellus·

78 2707 214 2792 (Versus
236 2708 286 2769 est
306 2703 432 2768 Ennii
455 2725 497 2781 en
509 2702 635 2769 Medea.
675 2699 726 2770 Cf.
750 2685 863 2789 Eurip.
879 2703 968 2769 Med.
984 2700 1049 2769 803
1062 2704 1125 2789 sq.)

81 2820 126 2874 Et
148 2815 263 2874 idem:

236 2915 372 2998 Namque
393 2917 560 3001 Aesculapi
579 2918 745 2978 leberosum.

83 3026 124 3082 At
145 3023 192 3080 ille
213 3024 286 3081 ulter
303 3017 452 3103 (Pacuv.)
473 3022 641 3103 iuClsryse
664 3022 740 3084 cell.

80 3120 173 3206 Ergo
202 3121 313 3186 verba:
347 3149 470 3208 namque
504 3130 590 3186 Asse.
628 3126 677 3187 lib.
717 3122 905 3188 Enniana
940 3124 1023 3187 eunt.
1060 3119 1123 3186 ,Ex

80 3248 146 3311 quo
169 3224 336 3311 colligatur
356 3248 484 3292 neeesse
503 3229 562 3303 est,
583 3227 764 3292 universam
783 3227 869 3292 illam
883 3246 1019 3302 scenam,
1042 3245 1124 3310 quae

80 3331 168 3418 apud
190 3328 258 3395 Cio.
275 3330 369 3397 Tuso.
392 3329 422 3398 2.
448 3329 498 3398 16.
521 3330 563 3396 38
585 3331 708 3416 (Botbii
730 3331 769 3398 fr.
785 3333 845 3397 ine.
869 3329 1124 3415 9.10.11.12.)

82 3439 206 3502 servata
227 3438 286 3512 est,
309 3456 407 3519 quum
420 3436 494 3501 inde
516 3437 706 3524 deprompta
719 3438 791 3502 'sint
811 3434 910 3500 verba
930 3458 950 3500 a
966 3434 1121 3501 Cicerone

82 3537 103 3604 l.
124 3562 221 3628 supra
243 3564 271 3607 o.
293 3541 405 3619 allata,
425 3541 556 3608 Ennio
578 3542 819 3609 adiudicandum
841 3560 918 3606 esse.
948 3541 1045 3606 Falso
1066 3539 1123 3625 igi-

83 3645 137 3707 tur
156 3647 359 3712 Hermannue
382 3670 451 3712 eam
472 3648 578 3713 Attii
605 3645 863 3734 Myrmidonibus
884 3646 1039 3722 intexuit,
1065 3644 1123 3710 sed

82 3750 183 3834 magis
203 3754 300 3818 etiem
313 3775 480 3839 perperam
497 3750 636 3818 Orellius
651 3756 683 3816 et
697 3749 834 3816 Bothius
843 3835 846 3839 .
855 3753 1027 3836 praeeunte
1047 3748 1123 3815 Del

80 3854 172 3933 riona
200 3879 268 3924 eam
297 3858 340 3924 ad
358 3857 646 3945 Epinausimaehen
673 3856 867 3933 retulerunt,
896 3855 1055 3921 orduone
1075 3874 1122 3918 aa

79 3964 234 4047 gumento
267 3964 395 4050 quidem
427 3983 537 4031 versus
565 3962 790 4032 'eonvemuut
814 3958 901 4028 Sunt
931 3959 976 4025 illi
1011 3976 1121 4025 versus

872 4063 913 4130 pa
