2520 4500
1109 127 1176 210 a

139 306 274 368 aetatem
303 324 366 367 non
395 301 541 377 tulerint,
577 304 684 366 tamen
712 302 856 364 servatus
891 298 983 366 nobis
1010 305 1059 365 est
1088 302 1176 365 loeus

139 409 225 495 apud
245 408 384 473 Dionem
407 403 690 491 Chrysostomum,
719 403 774 468 ubi
796 427 894 490 quum
917 407 1111 490 comparatio
1134 407 1177 470 in-

139 516 305 590 stituatur,
334 512 373 577 de
394 532 503 575 earum
531 510 714 574 diversitate
743 513 775 574 et
800 510 940 595 generali
969 511 1177 596 dispositione

138 619 226 683 haud
270 616 444 703 spernenda
487 614 636 679 nonnulla
678 615 864 682 invenimus.
921 614 975 680 Ex
1013 615 1177 701 Euripidis

138 723 247 788 fabrda
280 723 390 806 (quam
426 719 567 805 Scaliger
602 720 680 784 mire
723 723 817 805 putat
853 719 981 785 Attium
1017 721 1193 784 imitatum.

139 808 234 912 essai¹
265 824 382 891 ibidem
424 847 489 889 non
525 825 627 890 solum
663 825 816 912 prologus
853 825 909 889 sed
945 825 1040 890 etiam
1075 826 1179 910 prima

139 955 220 1018 quae
234 935 343 997 secuta
363 932 411 994 est
434 952 527 994 scena
548 929 673 1015 legitur.
702 929 774 994 Iam
788 952 873 1005 vero,
897 933 934 994 ut
948 934 1070 995 taceam
1092 930 1178 1014 quod

142 1037 327 1124 fragmentis
354 1034 495 1100 Attianis
523 1035 643 1111 XVII,
667 1035 803 1113 XVIII,
833 1034 942 1110 XIX,
970 1035 1062 1111 XX,
1094 1058 1175 1119 quae

140 1144 205 1208 sine
241 1140 339 1206 dubio
367 1162 407 1204 ex
436 1141 547 1207 eodem
574 1139 680 1205 Ulixis
709 1162 781 1204 cum
807 1139 989 1207 Philocteta
1022 1140 1178 1225 colloquio

139 1248 275 1334 repetita
299 1248 389 1321 sunt,
419 1246 482 1309 illio
508 1245 570 1309 looi
599 1244 715 1309 similes
739 1268 807 1310 non
828 1245 1043 1322 inveniantur,
1073 1268 1178 1309 oecur-

140 1354 216 1416 runt
236 1349 327 1416 nobis
348 1350 434 1436 apud
454 1349 582 1414 Attium
604 1351 793 1426 sententiae,
822 1372 902 1435 qnae
924 1350 984 1415 nisi
1004 1372 1178 1436 praeeesse-

141 1457 205 1521 rint
225 1455 388 1543 Euripidis
415 1455 585 1540 prologum
613 1455 762 1540 explicari
790 1479 855 1520 non
876 1458 1019 1541 possunt.
1064 1457 1178 1520 Restat

140 1563 239 1648 igitur
264 1564 301 1627 ut
327 1561 369 1624 ad
391 1559 591 1646 ‚Aeschylum
616 1582 829 1637 recurramus.
872 1559 937 1624 Hic
965 1563 1048 1625 teste
1073 1560 1179 1625 Dione

141 1665 356 1753 aSophoele,
388 1666 442 1750 qui
463 1664 726 1750 Neoptolemum,
756 1664 796 1728 ab
816 1664 987 1750 Euripide,
1020 1665 1074 1747 qui
1101 1664 1178 1729 Dio-

141 1773 266 1837 medem
287 1771 436 1837 oomitem
458 1770 624 1835 addiderat
645 1769 748 1846 Ulixi,
770 1769 830 1851 hae
851 1770 947 1833 etiam
967 1769 1000 1833 in
1022 1791 1057 1833 re
1079 1769 1179 1832 diver-

138 1898 196 1941 sus
228 1878 315 1952 erat,
350 1874 436 1960 quod
469 1876 572 1939 solum
607 1875 736 1939 Ulixem
770 1874 910 1960 legatum
946 1874 1177 1941 introducebat.

141 1981 336 2068 Fragmenta
361 1980 473 2045 'eodem
501 1977 608 2044 Dione
637 1979 716 2042 duae
742 1977 834 2042 facile
861 1979 895 2042 in
924 1980 1066 2044 ordinem
1096 1981 1179 2067 dige-

139 2092 271 2164 runtur,
305 2108 404 2171 quum
434 2107 544 2151 eorum
573 2105 682 2147 sensus
711 2084 912 2167 rationesque
942 2084 1107 2149 commode
1136 2087 1180 2150 in-

142 2192 333 2277 telligantur.
377 2190 558 2257 Dubitatur
578 2188 802 2254 tantummodo
824 2189 863 2253 de
885 2190 1028 2274 personis
1051 2212 1088 2254 ea
1108 2214 1179 2276 pro

144 2295 371 2373 nunciantibus,
391 2318 458 2381 ‘qua
478 2296 511 2360 in
533 2317 568 2359 re
589 2295 731 2380 paullum
745 2294 948 2358 Hermannus
963 2317 983 2357 a
996 2294 1178 2372 Welekem,
1208 2291 1210 2295 ’

143 2420 202 2463 nos
224 2397 264 2462 ab
284 2402 419 2484 utroque
439 2424 504 2467 non
525 2401 661 2465 multum
684 2399 884 2464 discedimus.

229 2519 296 2584 Dio
318 2517 489 2606 'chrysost
520 2520 579 2588 Or.
602 2520 661 2586 52:
692 2557 731 2567 —
758 2559 795 2570 —
823 2520 872 2582 καὶ
895 2518 988 2583 οὐδέν
1008 2542 1040 2604 γε
1063 2519 1179 2584 ἀλλατ-

141 2622 260 2708 τούσης
291 2627 348 2706 τῆς
371 2622 507 2707 Ἀθηνᾶς
535 2624 725 2711 προςεδεήθη
754 2621 832 2708 πρὸς
859 2621 894 2685 τὸ
925 2621 968 2706 μὴ
1000 2629 1178 2712 γνωσθῆναι

141 2727 226 2804 ὅστις
248 2729 330 2794 ἐστὶν
349 2723 410 2792 tut
434 2733 488 2792 τοῦ
513 2727 711 2813 Φιλοκτήτου,
734 2725 876 2811 καθάπερ
891 2715 1031 2812 ΙὍμηρος
1052 2727 1178 2816 κάκείνῳ

141 2834 175 2899 δὲ
194 2831 342 2915 ἑπόμενος
363 2831 532 2917 Εὐριπίδης
553 2835 700 2917 ἐποίησεν.
744 2832 851 2897 Locus
878 2831 929 2897 hio
955 2832 1050 2897 datur
1079 2834 1179 2898 conie

143 2939 264 3016 abarae,
293 2938 473 3004 Minervam
505 2940 597 3003 initio
629 2936 812 3024 tragoediae
834 2938 1018 3023 apparuisse
1039 2941 1082 3002 et·
1105 2959 1177 3002 oum

145 3037 240 3105 Ulixe
273 3043 461 3110 oolloeutam
484 3034 565 3108 ¹esse
601 3044 677 3129 quid
713 3042 871 3128 agendum
908 3043 949 3106 sit
984 3042 1177 3109 suadentem.

142 3140 304 3212 Probatur
328 3147 524 3236 fragmentis.
567 3147 733 3215 Habemus
761 3147 844 3212 enim
872 3145 1036 3213 Minervae
1065 3146 1178 3213 allocu-

141 3253 278 3319 tionem:
303 3312 306 3319 ,
357 3294 370 3341 ‚3

76 3370 156 3437 100·
222 3375 250 3440 Ι.
278 3375 401 3440 lneldte
422 3395 521 3460 parva
542 3375 670 3461 prodite
691 3374 795 3462 patria

226 3636 244 3691 1.
270 3637 331 3693 Mar.
357 3638 451 3695 victor.
475 3637 493 3690 l.
515 3641 540 3694 2.
564 3653 589 3704 p.
613 3641 691 3693 2522.
715 3643 761 3694 14:
789 3641 989 3708 Arrapaerlieum
1015 3639 1093 3692 melos
1111 3640 1178 3711 babis

139 3719 247 3788 peditur
263 3737 334 3775 amat
351 3743 451 3776 sensum
470 3722 602 3778 sizolndere
620 3737 650 3775 ut
665 3725 742 3792 opaul
759 3729 874 3776 deliram:
900 3728 999 3798 Inclyta
1016 3745 1042 3794 p.
1058 3706 1178 3865 profe

139 3812 648 3880 1¹.n.·c·c.peleusp,a.c.urctlror,
677 3815 748 3877 Quae
761 3814 833 3863 cirea
851 3832 896 3864 sex
912 3825 1033 3864 versatur
1047 3798 1109 3883 dipi
1135 3814 1177 3868 'aa

141 3895 168 3953 Β.
185 3887 358 3962 ΑριιΙθὶιιΝο
379 3900 430 3955 ‚deo
448 3901 546 3955 socrat.
571 3916 594 3956 c.
612 3900 646 3954 24
665 3897 680 3965 §
699 3902 763 3954 176:
783 3930 798 3942 -
817 3930 833 3943 -
854 3912 882 3950 ut
902 3901 986 3951 Ateius
1007 3900 1101 3968 Ulixen
1121 3900 1178 3950 lau·

140 3983 264 4043 daubin
276 3985 425 4047 Philoctete
442 4003 498 4044 sao
508 3987 536 4037 in
553 3988 608 4039 deas
624 3984 780 4055 tragoediae
795 3987 945 4055 prr‘rroepr‘o:
965 4013 1021 4026 --
1038 4025 1046 4041 .
1063 3986 1177 4043 Hildebr.
1219 3972 1222 3977 Ι
