2520 4500
144 139 188 207 te

79 296 140 365 106
230 299 306 366 VII.
337 297 404 364 Ubi
424 298 543 364 habet?
578 298 657 364 urbe
679 301 820 386 agroue?

144 402 308 470 tfinerva:
713 433 718 445 =

79 505 140 574 107
232 509 326 576 VIII.
344 509 487 574 -Iacet
507 510 540 573 in
560 510 649 574 tecto
669 507 818 586 humido,

300 610 398 693 Quod
420 613 538 678 eiulatu
561 613 677 698 questu
697 616 820 700 gemitu
839 613 1020 681 fremitibus

298 719 491 785 Resontndo
512 723 638 784 mutum
658 719 777 785 flebiles
800 720 894 785 voces
916 721 1023 788 referi
1085 800 1088 805 Ι

77 819 140 889 108
230 823 295 890 ΙΧ.
326 821 436 904 Quum
456 845 475 888 e
494 824 637 912 viperino
660 824 769 891 mirsu
788 848 886 892 venae
906 825 1062 892 decatum

298 927 432 996 Veneno
452 930 591 995 imbutae
611 928 714 996 tetros
736 931 894 996 muciait'te
916 932 1009 999 cient.

77 1029 139 1098 109
233 1033 280 1101 X.
308 1034 421 1101 Vitem
442 1036 633 1122 sagittarum
654 1035 790 1123 aticupia
808 1037 1009 1125 propugiuei,

229 1295 278 1351 Vil.
303 1295 369 1351 Noe.
393 1313 419 1364 p.
444 1300 503 1354 ste.
525 1301 550 1355 6.
588 1298 690 1350 Habere
712 1302 777 1351 satie
800 1319 853 1351 esee
880 1329 896 1341 -
920 1331 936 1344 -
959 1301 1062 1357 Habere
1087 1319 1182 1354 rursus

142 1381 262 1433 habitare
280 1414 296 1426 -
314 1413 331 1427 -
347 1386 443 1435 Accius
460 1386 599 1437 Fiioctete:
617 1414 687 1425 --
708 1386 798 1450 (tntu
822 1389 897 1439 turbe
913 1405 999 1457 agene
1016 1388 1046 1445 B.
1066 1416 1098 1426 -
1117 1391 1181 1440 urbe

141 1469 200 1526 Mae.
219 1469 293 1527 Marc.
314 1498 347 1508 —
364 1470 488 1528 urbemi.
507 1475 565 1527 583.
585 1500 618 1512 ·-
637 1491 764 1542 agrumve
783 1492 826 1544 mg
843 1473 876 1540 Ι.)

227 1574 286 1632 vllt.
313 1575 368 1630 Cia.
381 1575 454 1634 Tusa.
473 1581 498 1633 2.
518 1582 559 1632 tt.
577 1581 619 1636 3³.
655 1577 710 1631 Sed
726 1579 768 1630 ille
786 1592 854 1631 certe
873 1597 928 1630 non
937 1578 1027 1649 sortis
1045 1582 1092 1651 qui
1110 1607 1177 1619 --

93 1698 97 1706 .
141 1650 219 1722 (lecto
244 1661 318 1716 codd.
342 1663 397 1714 iere
421 1679 519 1718 omnes.
538 1691 571 1702 -
590 1667 638 1736 qui
659 1665 734 1721 codd.
758 1665 839 1723 multi.
853 1694 885 1703 -
905 1667 1011 1716 multum
1033 1667 1108 1723 codd.
1130 1685 1179 1719 ex-

142 1756 207 1814 cept.
226 1747 327 1805 Oxonn.
345 1749 417 1817 aliq.)
435 1751 539 1801 Lectum
557 1767 653 1819 genere
669 1760 760 1803 neutro
779 1755 882 1804 serioris
895 1762 934 1804 est
948 1753 1088 1808 latinitatis.
1107 1754 1176 1818 (Deo

141 1840 240 1889 tenta!
259 1835 376 1902 exempla
395 1839 560 1889 innotuerunt
577 1847 603 1889 et
621 1854 652 1889 ee
671 1838 772 1905 quidem
793 1856 824 1890 ex
841 1839 974 1906 Ulpiano.)
1003 1841 1093 1909 Neque
1110 1844 1176 1895 bene

140 1922 211 1988 iungi
222 1930 344 1988 potsunt:
363 1923 455 1973 lectum
468 1922 551 1985 refert
561 1940 646 1979 uoces.
664 1924 734 1976 idem
744 1927 835 1994 fragm.
855 1943 894 1994 ap.
908 1925 962 1981 Cic.
975 1928 1007 1979 de
1019 1927 1075 1981 Fin.
1093 1931 1117 1984 2.
1131 1935 1174 1987 29.

140 2011 183 2064 94.
220 2009 390 2078 Quamobrem
415 2021 490 2080 turpe
506 2010 652 2079 putandam
672 2025 724 2075 eet,
751 2032 806 2065 non
829 2013 889 2065 dico
912 2032 967 2065 non
993 2014 1095 2078 dolere,
1111 2035 1169 2065 nam

140 2094 172 2147 id
184 2095 288 2167 quidem
312 2107 349 2146 est
373 2080 504 2148 interilum
526 2115 626 2148 neccsse
647 2097 695 2148 sed
710 2117 801 2150 saxum
826 2100 893 2150 iliad
917 2103 1046 2152 Lemnium
1060 2103 1169 2153 ahmane

140 2183 318 2234 Philoctetam
334 2180 492 2251 funestare:
517 2183 597 2246 Quod
618 2185 676 2239 ciui.
694 2211 763 2223 -—-
793 2186 912 2249 (multum
930 2187 1004 2239 codd.
1030 2189 1104 2258 aliq.)
1123 2187 1170 2244 ct:

79 2322 81 2327 Α
141 2264 304 2321 clamarent
329 2269 455 2337 gemitu
478 2269 601 2337 tempium
626 2273 753 2325 resonit
775 2273 904 2330 caelitum.
940 2274 1026 2327 Attius
1051 2292 1093 2343 ap.
1109 2276 1174 2332 Nan.

139 2352 352 2423 umm-

224 2461 269 2518 lX.
292 2458 345 2519 cic.
363 2461 396 2514 de
418 2460 474 2519 tin.
498 2466 523 2520 2.
545 2464 589 2520 29.
608 2466 651 2521 tt.
685 2465 755 2515 Huic
778 2465 911 2536 Epicurus
935 2479 1069 2536 comparet
1093 2487 1128 2531 se,
1153 2470 1180 2519 si

136 2560 234 2621 potest:
255 2551 317 2602 Cum
335 2551 388 2621 vip.
407 2577 485 2604 --.
502 2549 572 2602 idem
591 2551 681 2619 fragm.
700 2567 741 2618 ep.
761 2552 817 2608 Cic.
837 2556 862 2607 2.
881 2555 905 2607 7.
925 2556 966 2607 19.
1003 2553 1077 2604 Nihil
1091 2555 1178 2621 igitur

138 2635 208 2689 itanc
224 2637 311 2688 virum
328 2640 455 2708 sagittae,
479 2656 545 2711 quat
563 2638 595 2689 ab
612 2639 723 2691 Hercule
741 2650 894 2709 acceperat,
919 2651 973 2688 tum
992 2639 1177 2700 consolantur,

138 2741 230 2795 quum:
255 2725 284 2776 E
297 2726 350 2796 m'p
373 2744 406 2781 m.
435 2751 499 2764 --
518 2727 640 2787 (cierent
658 2725 732 2779 codd.
751 2723 850 2790 aliqu).
869 2722 905 2777 tt.
932 2724 962 2778 tr.
981 2740 1021 2790 ap.
1057 2720 1121 2774 Non.
1148 2737 1175 2788 p,

137 2811 197 2868 324.
214 2811 257 2866 26.
292 2811 408 2863 Imbuere
425 2823 463 2861 est
479 2812 586 2861 initiare
604 2838 619 2850 -
637 2838 652 2850 -
670 2808 785 2858 imbuere
801 2820 839 2856 eet
861 2807 975 2875 inficere.
1011 2809 1105 2860 Accius
1128 2809 1176 2859 Fi·

136 2897 249 2952 locteta:
268 2915 326 2948 cum
340 2916 353 2948 e
365 2899 419 2967 vap.
428 2913 518 2947 morsu
535 2894 596 2944 benc
605 2895 668 2948 vt'sc.
680 2892 784 2943 Veneno
798 2891 896 2941 tmbtua
908 2905 945 2942 est
957 2905 1027 2943 etcro
1040 2896 1176 2957 cruciatus

136 2984 220 3035 sciens
229 2985 332 3048 (morsu
343 2983 442 3034 imbuta
454 2993 554 3032 taetros
563 2985 634 3030 cruc.
647 2981 716 3031 ciem
728 2976 755 3033 b.
765 2989 832 3028 -et
842 2977 937 3043 eroli.)
950 2981 1036 3030 Venae
1045 2983 1174 3034 m'sceram

136 3071 154 3128 i.
169 3087 185 3123 e
203 3072 232 3123 in
249 3071 339 3122 intimo
358 3084 479 3138 corpore3
497 3083 529 3120 eo
551 3069 633 3120 maior
650 3066 760 3119 debebat
775 3081 833 3118 ease
850 3066 1012 3119 vehementia
1031 3068 1137 3125 doloris.

223 3177 259 3231 X.
282 3173 337 3232 cic.
358 3177 390 3228 de
415 3173 471 3228 Fiet.
496 3177 521 3230 5.
547 3176 592 3233 11.
618 3175 661 3230 32.
697 3171 811 3224 Maxime
837 3184 922 3224 autem
947 3175 976 3224 in
996 3170 1047 3223 hoc
1069 3171 1169 3244 quiden

135 3278 229 3330 genere
245 3263 287 3313 vis
305 3274 342 3313 cst
357 3263 497 3331 perspicua
518 3273 631 3312 naturae
653 3277 710 3312 cum
728 3270 752 3311 et
773 3258 963 3311 mendicitatem
989 3260 1064 3311 multi
1077 3277 1174 3331 perpe·

136 3348 252 3410 uantur,
281 3359 310 3397 ut
333 3350 442 3411 uiuant,
470 3360 495 3398 et
519 3359 656 3415 angantur
678 3347 910 3418 appropinquitate
940 3348 1033 3399 mortis
1059 3343 1177 3414 conficti

136 3432 252 3488 nomines
270 3446 409 3499 senectute,
435 3446 460 3485 et
478 3452 509 3485 en
524 3430 662 3504 perferant
679 3450 746 3504 qaae
764 3430 934 3485 Philoctetam
951 3432 1068 3484 uidemus
1084 3432 1113 3480 in
1122 3430 1176 3499 fa·

135 3519 215 3584 balcia·
235 3522 284 3593 qui
298 3538 356 3573 cum
373 3524 538 3573 cruciaretur
549 3538 604 3570 non
613 3517 730 3584 ferendis
741 3518 884 3582 doloribus,
900 3517 1068 3589 propagabat
1085 3527 1175 3568 tamen

136 3608 219 3659 uitam
236 3611 348 3675 aucupio
370 3610 540 3678 sagittarum,
558 3605 706 3678 configebat
725 3604 819 3658 tardus
837 3607 939 3668 celeres,
955 3616 1030 3654 etant
1043 3601 1174 3666 volantes,

135 3690 260 3769 ut'apud
275 3699 373 3746 Attium
395 3709 445 3761 est,
468 3698 659 3768 pinnwumqae
683 3704 810 3746 contextu
830 3693 942 3762 corpori
963 3701 1112 3757 tegumenta
1121 3689 1175 3758 fa·

136 3778 228 3837 ciebat.
264 3780 333 3833 idem
355 3782 446 3852 fragm.
473 3799 513 3851 ep.
550 3781 683 3837 Censorio.
711 3781 744 3833 de
768 3787 842 3835 mete.
865 3793 890 3846 p.
917 3779 998 3832 2726:
1025 3778 1080 3827 Pro
1100 3788 1173 3828 ueste

133 3869 223 3935 ptume
239 3869 353 3920 membro
369 3872 449 3922 textis
464 3872 589 3939 contigit.
607 3897 640 3908 -
660 3868 784 3921 Veterum
806 3867 941 3935 ingenium
966 3863 1029 3915 lieec
1046 3863 1174 3917 restitutio

135 3954 243 4007 debetur
260 3955 413 4014 Hermanno.
1220 3949 1222 3954 ’
